2917 4950
249 413 364 508 insse
570 411 907 476 Daranissa.

249 604 330 654 erant
343 589 504 668 hujusmodi
521 601 613 666 actus,
632 592 791 653 secuudum
807 592 850 652 rei
870 590 1052 671 grauitatem,
1071 600 1123 651 aut
1142 591 1241 654 ratic·-

248 707 337 749 nam.
367 687 580 749 comoediarum
593 689 689 749 autem
712 685 848 749 recitatio
859 688 891 747 in·
902 688 1098 760 scemfocrio
1114 686 1229 750 diceba·

248 798 313 845 tur:
331 785 737 864 undeetiam'quingebantet
754 785 867 845 fabulas
875 783 1115 863 pronunciabant,
1126 793 1230 843 actores

247 881 329 942 dicti.
348 882 559 961 Actio'quoqne
569 882 608 941 ad
618 878 754 940 orationis
762 879 1028 961 pronunciationem
1040 878 1231 948 transferam

247 975 379 1037 utotiam
391 979 454 1057 ipsa
467 978 557 1037 oratio
569 976 692 1076 rhetoris
705 977 753 1038 vel
771 977 880 1059 scripta
890 977 938 1036 vel
948 976 1137 1056 pronunciata
1149 974 1239 1040 actio,

249 1074 369 1135 dicatur.
405 1085 415 1098 ’·
460 1093 463 1098 ’
896 1099 899 1103 ’

336 1190 340 1198 ·
486 1178 654 1239 Scenitarum
668 1188 788 1239 ortorum
802 1178 953 1236 diversitos.

264 1395 267 1398 .
288 1341 324 1399 In
336 1359 453 1399 scenam
466 1359 525 1400 non
541 1339 633 1400 solum
651 1337 856 1401 comoediarum
882 1349 932 1397 aut
954 1336 1158 1417 tragoediarum
1182 1356 1228 1398 oc·

249 1447 320 1495 tores
338 1435 398 1515 (qui
418 1435 541 1515 tragoedi
554 1445 585 1495 et
597 1436 720 1496 comoedi
735 1435 916 1512 dicebantur)
935 1435 1089 1515 prodibant
1101 1434 1132 1494 in
1145 1453 1229 1514 spec·

248 1534 383 1604 taculum,
408 1532 569 1592 sedetiam
592 1533 680 1605 mimi,
703 1533 882 1613 pantomimi,
905 1530 1070 1604 archimimi,
1094 1528 1229 1608 ethologi,

248 1629 389 1708 ethopoei:
411 1649 509 1689 omnes
523 1649 581 1689 uno
594 1629 709 1689 nomine
732 1630 874 1708 hypocrite
893 1628 936 1708 (id
949 1640 1004 1701 est,
1018 1628 1120 1688 aliena
1133 1644 1231 1707 perso·

157 1787 159 1790 .
247 1746 294 1784 nae
307 1724 498 1803 simulatores)
513 1725 602 1787 dica:
623 1738 654 1785 et
667 1746 766 1797 eorum
779 1724 864 1796 actio,
882 1725 1037 1801 hypocrisis,
1051 1723 1145 1794 idest,
1160 1720 1230 1781 alie-

163 1847 166 1851 ⁴
246 1842 294 1881 nte
327 1841 458 1901 personae
482 1807 633 1895 simulatio,
660 1822 771 1881 Latinis
795 1822 945 1892 histriones,
977 1820 1159 1897 lectionesque„
1180 1827 1231 1877 aut

248 1919 336 1978 etiam
348 1920 414 1987 hedit
425 1918 584 1978 dicuntur.
614 1919 696 1977 Mimi
710 1918 869 1974 imitatores
883 1926 950 1974 sunt
962 1926 1106 1993 gestuum,
1118 1932 1230 1983 vocum,

246 2019 299 2076 ant
310 2033 460 2093 messum
473 2014 593 2088 alicujus
608 2032 744 2091 personas
763 2010 839 2068 inter
853 2009 943 2068 alins:
965 2010 1048 2087 cujus
1061 1999 1182 2068 ridicula
1194 2006 1232 2066 sit

247 2132 316 2184 vox,
329 2122 380 2172 aut
389 2111 468 2171 aliud
477 2109 635 2190 quidpiam.
663 2106 826 2167 Pontoreimr'
835 2104 962 2173 omnium
974 2124 1159 2185 personarum
1166 2104 1231 2163 imi-

248 2218 356 2269 tatores
366 2219 432 2267 sunt
440 2206 657 2286 effictoresque:
672 2214 705 2263 ut
714 2213 745 2263 et
754 2201 898 2276 mulieres,
911 2214 941 2262 et
951 2222 1045 2275 senes,
1056 2213 1086 2262 et
1095 2203 1228 2280 juvenes,

248 2325 283 2364 ac
295 2306 501 2383 cujuscumque
514 2302 607 2362 aetatis
620 2320 758 2381 personas
771 2300 954 2379 confingantr
967 2300 1055 2360 etiam
1064 2298 1105 2358 ita
1118 2317 1154 2358 ex
1168 2317 1231 2377 ges-

168 2480 170 2485 ,
246 2402 333 2474 tibus,
348 2402 523 2472 describunt,
534 2411 568 2459 ut
580 2400 611 2458 id
624 2399 703 2479 quod
715 2398 797 2457 aiunt
808 2398 908 2479 videre
921 2397 1047 2457 videare.
1068 2396 1230 2471 Hujnsmo·

247 2499 362 2559 dosunt
375 2519 447 2580 quos
461 2497 528 2558 Itali
543 2500 660 2575 hrffoner
669 2497 756 2574 vulgo
766 2507 882 2556 vocant.
915 2494 1072 2554 Archimimi
1085 2492 1229 2573 principes

215 2660 217 2664 ,
246 2605 314 2654 sunt
322 2595 501 2666 histrionum,
514 2595 572 2653 hoc
587 2604 638 2665 est,
650 2593 724 2652 inter
736 2590 887 2651 histriones
900 2589 1077 2651 solertissimi
1091 2601 1126 2649 et
1134 2590 1230 2652 excel·
1320 2622 1325 2629 1

245 2690 404 2750 lautissimi.
433 2690 561 2768 Ethologi
573 2688 659 2760 mimi,
683 2699 734 2748 aut
743 2689 861 2764 ethopui,
875 2706 987 2747 morum
997 2697 1065 2745 sunt
1075 2685 1228 2758 effictores,

246 2784 459 2865 affectuumque
468 2788 675 2863 cujuscumque
685 2804 817 2864 personae
826 2783 1072 2863 quamssustinent,
1082 2793 1134 2847 aut
1144 2801 1230 2862 quam
1276 2766 1283 2779 .

214 2948 217 2952 Δ
246 2892 335 2958 agunt
354 2892 385 2940 et
398 2880 527 2941 referunt
539 2880 569 2939 in
581 2900 680 2955 scena,
697 2880 775 2939 unde
796 2881 931 2956 ethopain,
945 2898 1056 2937 morum
1069 2878 1229 2945 alienorum

246 2975 383 3037 imitatio:
399 2988 428 3037 et
437 2977 517 3036 ethici
525 2977 653 3057 pictores
674 2996 710 3037 ac
723 2975 852 3037 statuarii
862 2975 939 3047 dicti,
951 2975 1000 3055 qui
1010 2994 1077 3034 suas
1088 2974 1230 3053 imagines

245 3072 286 3132 ita
298 3072 467 3152 depingtmt‚
481 3083 531 3133 aut
548 3072 662 3146 caelant,
675 3084 709 3132 ut
721 3071 853 3132 sensibus
866 3071 1008 3151 expressis
1020 3072 1229 3152 propemodum

179 3184 183 3189 ·
245 3167 365 3247 spirent.
407 3169 549 3245 Thymehei
556 3167 634 3228 inter
643 3168 774 3230 scenicos
783 3180 897 3230 actores
907 3180 983 3240 sunt,
997 3169 1054 3228 hoc
1068 3178 1123 3238 est,
1138 3167 1229 3226 citha·

240 3263 328 3336 roedi,
343 3263 506 3336 citharistae,
519 3264 638 3351 lyristae,
653 3265 795 3327 tibicines.
828 3266 982 3335 &thuraria
994 3264 1084 3345 quiet
1096 3262 1229 3329 fidicines

246 3360 391 3433 dicuntur,
401 3359 517 3420 citharae
525 3360 706 3420 accinebant.
722 3361 885 3434 Citharista,
897 3361 1036 3421 citharam
1048 3370 1160 3419 tanturn
1167 3360 1231 3439 pul·

245 3458 358 3529 sabant,
382 3476 440 3515 non
461 3456 769 3535 autemaccinebant.
795 3455 989 3530 >Hujnsmodi
1008 3455 1157 3535 thymelici
1177 3475 1231 3534 per

221 3574 224 3580 ¹
246 3556 423 3635 orchestram
437 3553 611 3632 praestabant
623 3552 753 3613 actiones
765 3570 841 3611 suas.
876 3551 959 3610 Ludii
977 3552 1038 3612 sive
1060 3552 1229 3627 ludioner(ut

239 3656 301 3727 jam
315 3650 488 3727 dictumest)
502 3650 614 3709 iierant
623 3649 672 3729 qui
687 3648 857 3709 comoediam
870 3648 1041 3710 recitabant.
1061 3649 1098 3708 ln
1108 3647 1229 3709 eaenim

245 3746 395 3805 recitanda
404 3745 506 3804 mirum
519 3746 574 3805 fuit
586 3745 746 3806 artificium.
776 3742 853 3803 Nam
867 3744 981 3805 cantica
993 3746 1230 3824 temperabantur

244 3841 347 3913 modis,
360 3860 418 3899 non
429 3859 457 3899 a
476 3852 571 3920 poeta,
590 3842 642 3901 sed
655 3840 781 3922 aperito
800 3839 869 3900 artis
881 3841 999 3902 musicae
1011 3840 1114 3902 iactis:
1134 3858 1230 3919 nequa

245 3937 322 3996 enim
334 3936 431 3996 omnia
438 3935 541 3995 iisdem
553 3937 645 3998 modis
658 3937 689 3996 in
701 3957 759 3996 uno
772 3937 887 3998 cantico
900 3940 1071 4017 agebantur,
1086 3937 1140 3998 sed
1150 3956 1229 4016 sape

242 4032 360 4093 innatis
372 4052 380 4091 ε
401 4042 435 4091 ut
447 4030 619 4111 significant,
630 4033 680 4114 qni
692 4043 752 4093 tres
762 4053 897 4095 numeros
909 4035 941 4094 in
949 4036 1096 4115 comoediis
1105 4045 1229 4115 ponunt,

244 4128 294 4207 qui
302 4139 363 4189 tres
384 4128 533 4190 continent
553 4131 641 4190 modos
654 4129 761 4190 cantici
773 4129 858 4189 illius.
881 4131 939 4202 Qui
951 4130 1114 4210 hujusmodi
1126 4130 1229 4190 modos

243 4224 401 4297 faciebant,
414 4245 522 4286 nomen
541 4225 571 4284 in
588 4224 728 4307 principio
746 4226 853 4286 fabulae
867 4238 897 4286 et
909 4227 1066 4307 scriptoris,
1080 4237 1110 4287 et
1122 4226 1229 4287 actoris

225 4342 229 4347 ·
244 4324 489 4401 superponebant.
529 4311 704 4399 Hujnsmodi
717 4323 792 4383 adeo
814 4322 941 4383 carmina
958 4324 996 4383 ad
1010 4323 1093 4382 tibias
1107 4313 1226 4395 fiebant,

194 4407 196 4411 ¹
244 4430 277 4479 ut
286 4418 332 4479 bis
345 4419 460 4496 auditis,
473 4419 556 4482 multi
569 4440 615 4492 ex,
626 4421 734 4505 populo
749 4430 816 4507 aute
831 4420 986 4505 discerent,
1001 4439 1087 4500 quam
1101 4418 1228 4481 fabulam
1325 4502 1328 4505 Ι
