2917 4950
471 411 586 479 Aur.
609 411 680 478 111.
717 410 897 479 scens
919 414 950 479 1.
1133 371 1229 483 'eoo

185 603 236 669 Μ.
259 599 386 666 Videre
402 618 532 680 verum,
544 601 648 684 utque
661 599 776 665 ituuti
790 617 850 665 res
861 604 925 679 est,
935 598 1061 666 dicere.

182 715 222 781 G.
245 715 408 781 Somnum
420 713 534 778 hercle
548 733 613 796 ego
628 711 695 778 huc
709 718 811 779 noete
826 713 938 778 oculis
951 731 1020 779 uon
1032 712 1105 779 vidi
1117 714 1214 795 meis,

167 825 276 890 ,Dum
288 825 324 889 id
338 843 467 909 quaero,
482 823 545 887 tibi
560 824 621 906 qui
632 823 739 887 filium
751 819 970 890 restituerem.

183 935 235 1001 M.
258 934 352 1000 Cedo
366 934 537 998 denhem:
554 953 655 1018 porro
669 939 702 998 te
713 935 803 1000 idem
818 955 879 1000 oro
890 919 928 1000 ut
939 935 1060 1015 facies,
1075 933 1230 1001 Chreme.

182 1045 224 1112 Ο.
245 1045 391 1111 Paratus
406 1065 494 1110 sum.
517 1044 567 1110 Μ.
584 1044 688 1124 Scin‚'
703 1045 786 1130 quid
800 1066 891 1111 nuno
906 1046 1019 1112 fucere
1034 1052 1068 1111 te
1080 1047 1185 1112 volol

183 1156 223 1223 G.
246 1155 326 1221 Dio.
348 1154 400 1220 M.
423 1155 527 1235 Quod
542 1157 677 1221 sensisti
692 1155 773 1222 illos
787 1177 841 1222 me
854 1155 1159 1242 incipere'fullere.
1187 1158 1230 1223 86

182 1266 226 1331 Id
240 1271 277 1332 ut
290 1270 456 1332 maturent
469 1266 602 1332 fucere:
618 1268 722 1352 cupio
737 1267 894 1346 illidere,

184 1375 287 1456 Quod
303 1378 374 1443 volt
385 1400 393 1443 ε
406 1378 509 1461 cupio
519 1378 594 1463 jem
607 1379 734 1445 videre.
758 1379 799 1445 G.
823 1379 973 1463 Operam
989 1378 1099 1444 dabo:

183 1487 289 1571 Syrus
304 1493 358 1553 est
369 1487 627 1572 prehendendus
642 1496 746 1577 utque
761 1492 992 1590 adhortandus
1007 1491 1101 1557 mihi.

182 1596 216 1662 A
230 1618 285 1664 me
299 1599 417 1665 neseio
431 1601 509 1686 quis
522 1602 615 1667 exit:
631 1604 784 1669 eoncede
797 1603 877 1669 hine
892 1603 1041 1681 domum,
1185 1610 1230 1674 90

182 1838 281 1898 parenti,
290 1838 346 1885 duur
357 1853 471 1886 seuerum
481 1838 683 1898 edmundon
731 1838 763 1886 dl
770 1835 856 1886 sdduoi
863 1835 917 1884 illo:
926 1834 977 1883 cedo
983 1833 1056 1896 igitur
1062 1829 1172 1883 dntrdm.
1180 1833 1232 1884 Nos

182 1911 312 1958 dissessum
321 1911 421 1960 simulet.
439 1913 467 1959 C.
731 1912 793 1960 enim
803 1917 844 1959 sut
854 1908 941 1958 oraturi
956 1908 1234 1970 suteonfirmuturiquio·

217 1983 357 2049 Miuals'tur]
374 1985 422 2034 Me.
437 1985 469 2033 R.
481 1991 505 2033 et
514 1986 544 2033 V.
553 1987 582 2034 D.
593 1987 684 2035 mintu-
732 2001 802 2047 quum
820 1982 889 2032 elicui
900 1984 951 2043 ejus
970 1981 1077 2029 dextram
1087 1996 1185 2042 posuere
1195 1996 1234 2029 so·

183 2057 253 2104 bitur.
270 2057 297 2103 la.
732 2056 815 2103 lemus.
826 2056 854 2104 G.

214 2128 395 2178 convenientius
417 2130 495 2178 versui
512 2130 585 2178 nostri
603 2146 684 2179 omues
765 2127 848 2176 Nostri
858 2126 914 2176 libri
924 2125 1022 2175 meliore
1038 2125 1127 2186 ordine,
1135 2142 1203 2189 porro
1213 2135 1236 2177 ts

182 2202 334 2249 minitulitur.
351 2203 382 2250 B.
733 2203 877 2249 oroidemut.
894 2202 925 2249 B.

216 2277 247 2324 81
267 2274 346 2322 Videre
363 2289 440 2323 uerum
459 2276 580 2340 atqueito]
597 2277 684 2325 Videre
766 2276 798 2321 86
813 2271 1024 2338 inoperosum]
1048 2271 1079 2319 V.
1089 2272 1118 2322 G.
1137 2276 1235 2336 incipere

183 2345 241 2393 milri
256 2361 336 2395 verum
351 2347 438 2406 dioere,
456 2356 480 2396 et
490 2350 523 2395 its
537 2350 685 2410 quemsdmo·
734 2343 884 2410 veltefallere.
906 2347 936 2393 1..

185 2418 241 2466 dum
251 2435 289 2467 res
297 2426 341 2467 est.
355 2423 383 2468 li.
767 2422 800 2468 87
816 2416 935 2465 Meturent
944 2415 1037 2484 foces]
1054 2417 1076 2464 1.
1087 2432 1108 2465 e.
1124 2417 1235 2467 festinent

217 2494 289 2541 hiber
296 2496 528 2555 Bembnsbetverm
538 2496 576 2543 eui
584 2494 686 2559 sdsorip·
734 2491 819 2539 faeere.
840 2493 919 2538 Crem
935 2491 965 2538 de
983 2492 1011 2537 B.
1032 2491 1063 2538 G.
1079 2492 1101 2539 1.
1115 2492 1140 2537 ⁷.
1154 2491 1237 2540 Coeant

183 2573 234 2613 turn
251 2573 296 2623 est,
312 2582 372 2622 uera,
388 2566 473 2614 utilio.-
490 2568 618 2615 sonuerint.
637 2569 686 2615 Sed
734 2580 786 2612 oum
800 2563 826 2611 id
841 2563 974 2610 nuntiatum
988 2570 1043 2610 esset
1058 2570 1160 2611 maturat
1167 2563 1238 2626 proi·

75 2662 77 2667 ·
183 2639 250 2686 loeus
268 2639 372 2686 Sallustii
392 2646 509 2687 vetustate
524 2639 624 2689 detritus
639 2647 683 2688 est.
733 2637 792 2686 eieci.
804 2635 860 2684 Liv.
871 2635 1237 2698 12.quodnisiomuiuipefiem

184 2712 287 2759 Fruere.
733 2715 873 2757 maturasset.
883 2724 908 2761 r.
918 2705 1091 2757 Grumudlriv.
1101 2707 1235 2757 XXXIX.

218 2787 251 2834 82
266 2784 369 2832 Senum
379 2786 567 2850 eoulisoonoids]
575 2786 686 2833 &mrum
734 2783 775 2830 45.
795 2782 827 2829 lt.
842 2784 871 2831 D.

185 2856 261 2904 oeulis
271 2857 329 2904 meis
337 2873 382 2905 non
390 2857 451 2918 cepi,
460 2872 565 2918 querens
575 2858 686 2919 quemad·
767 2859 799 2906 88
815 2853 1236 2917 Bentleiusediditeupioiputmjam
1308 2864 1310 2871 ’

185 2929 280 2977 modum
290 2930 471 2977 tiliumreddum.
489 2931 518 2979 ll.
733 2927 815 2978 uidere.
833 2928 903 2976 Certe
918 2942 999 2975 sensus
1010 2927 1106 2989 egregie
1117 2942 1236 2975 uomrneu·

218 3001 324 3049 &mem
331 3018 375 3049 non
384 3002 443 3064 uide]
459 3003 481 3049 1.
492 3017 514 3050 e.
522 3018 568 3049 non
577 3002 687 3054 dormivi.
733 3000 775 3046 det
782 2999 841 3048 illud
852 3002 932 3061 ipsum.
950 2999 977 3047 Z.

186 3072 238 3120 (liu.
249 3075 280 3121 sd
291 3075 348 3122 Diu.
359 3074 415 3121 v11.
428 3076 468 3122 30.
480 3073 615 3138 eouselfuit
624 3077 689 3123 miti·
767 3075 799 3121 89
815 3071 1030 3138 deprehendendus]
1051 3071 1079 3118 ln
1097 3071 1159 3119 And.
1183 3077 1238 3120 tuus

177 3143 230 3207 fleo
238 3147 502 3209 egtunuaqoteuotou
510 3146 688 3194 coruulotueom-
731 3152 799 3207 poter
808 3150 842 3192 me
855 3145 917 3192 modo
926 3143 1078 3206 apprehendit.
1096 3143 1237 3193 Preleodeu·

186 3232 243 3265 oum
252 3235 296 3266 nou
312 3220 400 3267 viderit.
418 3218 490 3267 Orid.
507 3220 576 3281 epist.
588 3219 688 3267 xvln.
735 3218 789 3282 dus]
805 3218 880 3264 Deest
894 3216 932 3264 ud.
946 3216 995 3264 Sed
1011 3215 1066 3263 ideo
1075 3216 1234 3278 pretermisit,

186 3294 227 3340 27.
246 3291 280 3340 te
300 3306 340 3355 ego
355 3293 374 3339 ei
390 3291 438 3339 uidi
455 3292 586 3340 nuenton
601 3300 690 3354 pectora
735 3289 790 3350 quie
803 3289 908 3337 dioturus
919 3295 978 3347 eret,
989 3288 1152 3337 adimendus.
1174 3288 1202 3336 0.

185 3379 286 3413 omnum
293 3366 401 3412 necuim.
412 3365 444 3413 R.
455 3366 488 3413 D.
768 3363 826 3410 Illos
835 3370 885 3411 tres
894 3378 985 3418 versus,
992 3362 1063 3426 Syrus
1068 3362 1238 3419 est-sortium,

220 3439 253 3486 83
270 3436 329 3501 Qus]
340 3437 476 3497 Quomodo:
488 3444 691 3485 etestsermoeo·
735 3435 765 3484 ud
776 3435 923 3499 fiuemlruJus
936 3448 1012 3484 seeum
1022 3437 1173 3498 opponendos
1188 3448 1233 3495 pu·

185 3509 268 3558 miuus.
280 3506 438 3572 Restituam]
449 3509 565 3557 Redditur
572 3508 687 3572 cupienti·
735 3515 767 3556 to.
775 3509 837 3556 Nem
846 3509 946 3570 primum
956 3523 1002 3556 uon
1013 3514 1109 3572 appetet
1116 3506 1184 3564 ratio,
1195 3523 1237 3555 our

186 3583 239 3640 bus,
250 3590 277 3630 ut
287 3581 380 3630 domiuo
390 3597 481 3630 servus.
498 3581 636 3630 Restituitur
646 3597 686 3628 ou·
735 3581 888 3629 Menedemus
901 3581 927 3628 in
937 3595 1005 3628 soene
1022 3579 1142 3636 restiterit,
1158 3581 1238 3641 jussus

185 3655 262 3716 piens,
272 3661 299 3702 ut
313 3655 394 3717 petrite
410 3657 484 3716 ouius.
502 3657 534 3701 Et
545 3655 686 3702 metueret
735 3654 829 3702 domum
839 3653 905 3703 ubire
922 3652 1009 3718 (verbe
1023 3651 1094 3708 enim,
1112 3665 1200 3713 operam
1210 3658 1239 3699 ut

185 3728 316 3775 restituitur
325 3728 421 3789 eupieus
431 3727 594 3791 uupientibus:
608 3734 686 3789 ntps·
735 3726 776 3774 titt
786 3727 863 3774 durem
878 3727 907 3774 ud
926 3726 1089 3774 Menedemum
1107 3721 1239 3789 dieantur.)

186 3801 298 3848 trililius.
309 3802 337 3849 D.
735 3798 829 3846 Deinde
843 3815 885 3847 nee
900 3798 1040 3860 intelligitur
1050 3812 1128 3854 ouum,
1144 3799 1239 3858 uurSy·

220 3876 253 3920 84
270 3872 328 3921 Cedo
345 3872 455 3937 dmrum]
473 3872 531 3921 Cedo
542 3878 579 3920 est
589 3873 686 3920 verbum
735 3886 785 3929 rus,
796 3871 982 3935 qui,4seeundum
992 3869 1098 3919 ordinem
1108 3869 1239 3931 vulgarem.

186 3945 327 3992 deieotivum
337 3944 396 3992 dues
414 3950 502 3992 tuntum
518 3959 629 4008 personas
646 3945 687 3991 hu·
736 3944 796 3992 exiit
805 3946 941 4008 priusquam
952 3945 1062 3993 Chremes
1079 3942 1161 4000 obiret,
1180 3951 1239 3991 tern-

186 4017 245 4065 beus
255 4019 368 4065 meundss
377 4016 584 4079 insirigulerietin
593 4016 687 4079 plurali,
736 4015 778 4064 diu
796 4016 821 4065 in
840 4034 909 4067 soene
922 4018 1010 4066 otiosus
1027 4023 1143 4064 et'mutus
1158 4015 1238 4063 fuerit.

187 4090 250 4150 quod
257 4089 379 4151 signifieat,
389 4090 461 4138 dovel
470 4091 528 4139 dete.
541 4092 629 4138 Probet
637 4093 687 4138 No·
737 4091 846 4152 Denique
862 4092 931 4154 plene
946 4098 1026 4139 eontra
1035 4105 1124 4139 morem
1133 4087 1239 4135 Terentii

187 4161 250 4216 nius,
259 4161 335 4208 nitens
351 4162 415 4210 dioto
432 4163 545 4219 Burrieno,
555 4166 621 4224 eujus
637 4163 687 4209 haeu
736 4169 780 4220 est,
801 4164 965 4212 Menedemum
985 4163 1062 4212 stetim
1081 4167 1137 4224 post
1156 4161 1239 4217 verbs,

188 4234 260 4281 verbe
268 4241 334 4282 sunt:
344 4236 415 4285 estio
424 4250 506 4283 munus
521 4242 610 4292 meret,
620 4249 688 4282 uuus·
736 4250 825 4301 wem
834 4242 862 4285 ut
870 4237 912 4284 titt
922 4236 1006 4295 dorm,
1016 4235 1130 4300 injussum
1142 4247 1156 4279 s
1166 4230 1240 4279 Chre-

187 4308 337 4368 queueeiptte',
346 4315 368 4355 et
370 4310 459 4375 juretis
465 4309 566 4356 munitm
574 4306 689 4370 cofirm-
737 4302 807 4364 mete,
818 4321 867 4356 use
876 4307 935 4357 nihil
944 4323 1022 4359 oense
1033 4308 1157 4364 timoren,
1173 4302 1239 4354 ubire

188 4376 317 4443 teufoedue.
329 4379 399 4437 Quod
406 4374 537 4443 &emplum
543 4378 689 4441 olsriuspos·
737 4372 839 4429 domum.
856 4380 885 4431 Β.
