2917 4950
442 406 653 475 Ace-111.
684 408 863 476 SCBNA
880 408 959 476 111.
1159 409 1241 477 tile

185 592 379 661 Bsrelictu
401 595 481 661 huic
503 597 736 663 arrabonicst
760 616 823 681 pro
844 596 905 662 illo
921 598 1071 679 argento.
1117 595 1157 662 (l.
1181 597 1238 661 Iu·

315 705 444 789 telligo.

177 817 224 901 58.
246 815 349 882 Hanc
374 836 491 881 secum
514 817 581 884 huc
605 820 762 898 adduxit,
779 839 828 886 eu
853 838 931 904 quae
955 822 1009 884 est
1032 837 1134 883 nunc¹
1147 819 1240 902 apud
1312 845 1317 854 ’

314 947 454 992 uxorem
468 932 573 994 marn.
1023 933 1027 944 ’

186 1038 256 1106 Gn.
280 1037 373 1119 Quid
387 1042 482 1104 tuml
526 1040 564 1106 S.
580 1041 733 1112 Cliniam
758 1045 843 1118 orat,
863 1040 929 1105 sibi
943 1039 1045 1106 aliid
1059 1060 1149 1105 nunc
1162 1039 1240 1124 det3

315 1151 410 1215 illam
424 1151 477 1215 illi
490 1156 605 1217 tamen
1158 1181 1161 1190 ⁴

177 1261 276 1354 *Post
290 1260 442 1326 daturum
455 1262 548 1326 mille
560 1281 733 1327 nummum
746 1264 871 1347 poscit.
899 1261 969 1327 GH.
986 1262 1034 1326 Bt
1043 1263 1158 1346 poscit
1166 1261 1241 1348 qui-

319 1371 406 1436 dem·
449 1371 487 1437 S.
511 1373 604 1436 Hui!
1197 1380 1239 1437 45

189 1484 343 1549 Dubium
357 1483 394 1550 id
406 1486 482 1549 esti
522 1483 590 1549 CH.
605 1484 679 1567 Ego
695 1483 746 1550 sic
761 1485 900 1570 putavi:
924 1483 1006 1568 quid
1020 1501 1110 1548 nunc
1125 1483 1240 1549 facere

319 1598 479 1679 eogitusl
713 1591 717 1596 ’

189 1708 226 1773 S.
248 1706 365 1792 Egone
378 1708 393 1771 l
416 1706 461 1772 ad
481 1706 721 1772 Menedemum
735 1708 816 1772 ibo:
838 1706 950 1772 dicam
964 1706 1052 1772 hanc
1068 1726 1144 1771 esse
1159 1725 1240 1791 cap·

317 1822 386 1882 tam
403 1836 448 1882 ex
463 1816 575 1895 Caria,

222 2036 255 2083 42
279 2031 418 2097 Arelaheni]
444 2030 551 2092 Pignori,
571 2031 615 2077 hoc
636 2030 689 2077 loco
738 2031 807 2078 dam?
838 2027 954 2094 &licii
968 2027 1107 2078 Dehiumid
1122 2033 1173 2078 est?
1199 2045 1240 2095 ego

188 2104 312 2166 intelligas.
344 2101 462 2152 Anrhchnn
486 2103 572 2151 dicitur
593 2120 690 2158 merces,
738 2103 865 2164 eicpntoei.
883 2099 948 2150 Ὀιι.
967 2100 1189 2166 Quidnuncfucere
1205 2118 1242 2150 co·

189 2178 353 2226 corollarium:
369 2184 394 2224 et
409 2178 520 2238 estquod
538 2177 689 2240 priusdatur,
737 2174 814 2237 gitur?
829 2174 907 2235 Fingit
917 2174 978 2221 enim
997 2176 1078 2236 Syrus,
1098 2176 1241 2237 Antiphilam

190 2258 216 2300 ut
224 2250 337 2310 reliquum
349 2249 465 2297 reddatur.
482 2247 511 2296 C.
558 2299 561 2306 ¹
738 2246 843 2294 arraboni
860 2246 971 2293 Bacchidi
989 2247 1093 2295 relictum
1121 2263 1173 2294 essa
1197 2264 1241 2309 pro

224 2320 348 2383 Arraboni]
366 2320 470 2381 Pignori.
488 2322 517 2367 E.
738 2318 802 2366 mille
817 2320 946 2365 drachmis:
964 2320 1115 2376 Bacchidem,
1133 2335 1184 2381 quae
1202 2321 1240 2368 hio
1310 2341 1330 2370 ¹.

224 2390 479 2454 Relictaamloniec]
496 2392 519 2438 1.
530 2408 551 2441 e.
565 2392 691 2441 relictueet
740 2389 824 2438 Clinim
840 2390 914 2438 eunica
930 2390 1032 2453 fingitur,
1047 2408 1097 2438 earn
1108 2408 1243 2440 summane

190 2482 234 2528 pro
248 2464 352 2527 pignore.
369 2464 427 2512 Cato
437 2481 474 2526 up.
494 2465 557 2513 Gell.
572 2466 657 2514 XVII.
666 2469 690 2513 2.
740 2463 818 2513 Clinia
827 2470 939 2527 praesente
950 2464 1049 2526 pecunia
1059 2461 1204 2526 peteretne,
1215 2472 1242 2513 ut

191 2540 280 2599 Eadem
296 2537 468 2591 constructione
484 2539 583 2586 Plautus
594 2538 656 2585 dixit
665 2537 691 2584 in
739 2553 754 2585 e
773 2539 910 2586 Menedemo
930 2539 988 2585 hano
1007 2553 1119 2601 summum
1145 2540 1242 2597 auferat,

192 2611 295 2661 Mostell.
303 2612 346 2658 lV.
356 2613 380 2658 3.
392 2609 643 2676 21.qecs(4tlminas)
653 2611 691 2658 illa
739 2625 809 2671 porro
824 2611 930 2657 ficturum
956 2627 1015 2669 esse,
1037 2618 1127 2671 captam
1152 2627 1205 2660 esse
1227 2628 1249 2660 a*

190 2686 296 2732 unedoni
312 2685 353 2731 tihi
367 2685 436 2733 dedit.
468 2687 557 2732 Arrabo
574 2693 611 2731 est
622 2699 690 2744 urgu-
740 2681 809 2730 Caria
819 2683 972 2744 Antiphilam,
983 2683 1055 2730 ditem
1071 2683 1095 2730 in
1114 2700 1156 2732 sna
1167 2685 1242 2749 petris

190 2766 292 2805 mentum
302 2756 416 2809 emtionis
432 2762 456 2804 el
474 2756 615 2804 venditionis
636 2772 690 2802 oon·
740 2755 885 2802 etnohilem:
902 2757 922 2803 si
932 2756 1085 2803 Menedemus
1097 2759 1243 2821 procaptius

191 2837 279 2884 metoe,
290 2827 402 2875 interdum
410 2843 453 2890 pro
463 2828 561 2889 pignore
571 2828 656 2874 dicitur
665 2836 691 2876 ut
739 2842 791 2875 eum
808 2828 872 2875 mille
883 2828 1008 2876 drachmis
1019 2830 1118 2887 emerit,
1133 2830 1242 2893 magnuin

181 2905 216 2950 h.
227 2903 244 2950 l.
258 2919 280 2949 ι.
293 2903 429 2951 Fehrotlum
438 2902 468 2948 ed
484 2901 573 2962 Gujecii
584 2900 690 2963 paratitlu
738 2898 789 2947 iore
799 2901 1018 2956 moxlucrum,0um
1029 2903 1189 2962 aparentibus
1201 2904 1241 2963 vel

192 2976 217 3023 in
225 2975 328 3022 codicem
337 2974 365 3021 Τ.
377 2980 400 3024 2.
412 2990 436 3035 p.
449 2975 505 3022 215.
523 2975 553 3020 R.
563 2975 595 3021 D.
739 2973 844 3034 cognatis
853 2973 1019 3021 redineretur:
1037 2991 1076 3022 ees
1084 2975 1149 3023 mille
1159 2972 1243 3024 drach·

224 3050 258 3095 43
274 3045 558 3114 Mitencmmam11de
579 3053 603 3094 et
622 3046 689 3104 illud,
739 3059 789 3092 ruas
812 3045 923 3092 Bacchidi
944 3047 1030 3093 dandas
1050 3060 1118 3094 esse:
1134 3055 1158 3096 et
1175 3049 1243 3096 Anti·

191 3122 252 3167 mille
265 3118 380 3166 hominum
394 3120 515 3166 medeor:
531 3126 557 3166 et
570 3118 690 3180 antiquum
738 3116 823 3180 philam
850 3117 876 3166 iu
896 3120 966 3166 domo
985 3121 1117 3168 Menedemi
1132 3120 1241 3180 futuram,

191 3200 237 3239 est.
270 3189 353 3238 Ciciu
365 3192 408 3237 VI.
425 3190 448 3236 iu
460 3190 594 3247 Antonium,
602 3206 654 3251 cup.
665 3194 689 3239 5.
739 3189 779 3237 ubi
790 3190 851 3237 iilius
862 3190 961 3238 familias
972 3191 1050 3240 Cliniu
1066 3193 1139 3241 facile
1156 3202 1181 3242 et
1189 3196 1241 3243 tuln

192 3267 233 3327 qui
242 3264 270 3309 1..
291 3263 387 3309 Antonio
403 3262 467 3310 mille
484 3277 600 3311 nummum
613 3261 691 3327 serrat
738 3272 1082 3326 oumea¹cousuescerepossee
1097 3262 1242 3329 lgituropds

191 3350 314 3396 expersum.
332 3332 409 3398 Hait]
427 3335 549 3381 Btcoeteru
559 3334 691 3394 hujusmodi
739 3343 834 3391 eret,ut
851 3336 950 3395 Bacchis
967 3338 1110 3399 Antiphilam
1129 3340 1244 3386 abaliena-

113 3408 115 3413 ’
192 3407 283 3471 generis
291 3421 346 3453 sene
357 3413 412 3454 suut
424 3407 537 3458 adversus
547 3422 597 3464 eos,
607 3408 691 3469 quibus
737 3415 819 3464 senet
827 3409 966 3457 Menedemo
975 3411 1084 3457 traderet
1117 3404 1242 3472 Ergoilla,

191 3479 318 3532 irascimur.
335 3477 363 3527 C.
740 3478 788 3526 ie.
805 3481 1006 3542 Antiphiluzpraes
1014 3483 1241 3538 simnearraboni:
1274 3524 1279 3535 .

224 3553 330 3612 Repoue,
348 3565 397 3597 eum
412 3567 461 3613 qua
476 3559 516 3599 est.
549 3551 693 3600 nullamne
741 3556 820 3605 illiso.
831 3557 924 3607 clintoe
942 3549 1051 3623 Eripe—sit,
1062 3560 1078 3607 i.
1089 3576 1110 3608 e.
1121 3576 1184 3622 pnes
1201 3558 1242 3620 sit,

191 3626 224 3673 ad
240 3639 346 3683 uectem
361 3623 410 3680 alii,
427 3625 508 3686 upud3
525 3625 588 3686 quod
608 3626 692 3689 placet.
741 3629 812 3689 culpa
831 3629 978 3678 librariorum
998 3634 1084 3679 factum
1108 3641 1144 3680 est
1162 3636 1241 3695 poscit.

192 3699 223 3748 Β
742 3702 992 3781 Verbuegoeicputaei
1003 3704 1129 3766 suutSyri,
1140 3704 1241 3755 utreote

225 3772 259 3819 44
276 3769 692 3836 locusqiaodtumi-scceaeeogitus,
741 3775 794 3821 cod
805 3777 885 3822 Bemb
903 3777 932 3825 B.

192 3844 331 3906 interpretes
343 3844 411 3890 valde
426 3851 527 3904 torquet,
543 3852 568 3891 et
585 3844 693 3906 torquent
773 3849 806 3894 4⁵
822 3846 877 3894 Post
886 3849 1004 3914 deturant]
1019 3849 1109 3897 Versus
1117 3850 1242 3915 corruptis-

175 3916 267 3980 'ipsum
284 3915 364 3962 iidem
396 3916 498 3962 Faernus
518 3916 612 3978 quidem
623 3918 693 3978 poscit
740 3915 832 3965 simus.
830 3920 868 3966 tt.
880 3922 912 3968 Ι).

190 3991 354 4051 interpretetur
374 4000 416 4049 per
434 3989 552 4049 pollicetur
568 3994 609 4036 ant
618 3988 726 4052 offert
772 3994 806 4041 46
821 3988 954 4041 Dubiumne
966 3994 997 4041 id
1001 3993 1065 4058 etti]
1080 3995 1150 4057 Quod
1168 4012 1241 4046 merc·

191 4064 240 4111 Sed
251 4068 330 4110 oontm
344 4078 411 4110 usum
426 4061 543 4122 loquendi.
576 4062 691 4124 Equidem
739 4060 971 4126 trixsveruposcat.
978 4067 1005 4114 (l.
1076 4085 1081 4091 ·
1242 4114 1245 4121 ,

189 4136 315 4196 tegendum
327 4149 380 4182 esse
391 4150 474 4186 censeo
484 4133 533 4180 ita:
550 4135 606 4195 qnid
624 4135 691 4181 tum?
772 4136 806 4182 47
822 4133 875 4183 lm:
899 4137 983 4203 dicem]
1005 4138 1036 4188 Se
1057 4145 1157 4186 astutum
1175 4139 1241 4203 fingit

191 4210 216 4255 S.
235 4207 333 4258 Cliniam
350 4207 459 4261 crumnis·
473 4214 500 4251 ct
517 4206 618 4254 ideone
638 4208 690 4253 det:
741 4206 773 4253 ud
791 4207 955 4268 decipiendum
970 4211 1140 4259 Menedemum.
1167 4212 1240 4273 Supe-

186 4280 233 4335 μὴ
253 4277 290 4326 illi
309 4275 399 4341 tenen}
415 4277 467 4324 Post
485 4278 565 4324 datum
583 4278 615 4324 iri
633 4278 693 4325 mille
741 4278 889 4336 demetentes
899 4284 1103 4347 thpuctoidfieri
1112 4283 1241 4344 celeumat-

192 4353 415 4413 nurnmumpraesoit.
439 4352 486 4399 Gn.
501 4348 596 4410 mna
605 4351 633 4398 sit
643 4353 692 4413 qni·
743 4349 782 4398 teo.
798 4350 825 4400 0.
