2917 4950
280 394 341 450 ³16
593 382 962 447 ARGUMENTUM.

278 566 386 650 puellae
402 567 441 627 ad
462 565 625 638 Thaidem
652 579 717 628 tum
737 569 894 649 parasitum
913 567 1096 649 loquentem,
1113 582 1167 646 per
1186 582 1275 647 quem

280 665 363 744 virgo
376 683 396 724 a
412 662 502 723 milite
516 664 595 726 douo
607 664 709 726 amicte
722 666 810 727 missa
823 675 886 735 eutr
906 676 969 726 tum
981 664 1177 726 interventum
1190 663 1278 724 Chae·

280 780 341 822 reae
354 760 478 820 amantis
487 759 641 841 virginem,
651 761 844 843 eiusdemque
854 781 921 823 cum
932 760 1115 824 Parmenone
1124 759 1278 822 consilinm

281 858 321 918 de
341 857 445 918 eadem
467 858 606 939 potienda
625 877 679 939 per
696 859 863 920 fallaciam:
883 856 953 940 quia
969 877 1025 940 pro
1047 858 1195 920 Eunucho
1212 857 1279 940 ipse

281 955 454 1034 supponitur
467 954 583 1015 Thaidi.
627 957 737 1016 Tertiam
746 966 831 1017 actus
841 956 1042 1018 charamerem
1053 953 1192 1036 exprimit
1204 954 1280 1014 mili·

282 1050 319 1110 tis
333 1061 364 1110 et
378 1049 497 1130 parasiti
506 1071 559 1131 per
573 1051 726 1112 ridiculum
738 1052 931 1132 colloquium:
951 1062 1015 1113 tum
1027 1051 1227 1113 invitationem
1241 1049 1281 1112 ad

283 1165 395 1206 coenam
415 1146 552 1208 Thaidis:
573 1158 635 1208 tum
651 1148 827 1208 oblationem
845 1148 927 1208 velut
940 1148 1079 1209 Eunuchi
1097 1148 1230 1209 ehaereae
1249 1157 1282 1207 et

282 1243 389 1323 puellae
414 1264 452 1304 ex
473 1243 625 1323 AEthiopia
644 1262 698 1322 per
719 1243 931 1304 Parmenonem
949 1243 1079 1304 factam:
1104 1254 1168 1303 tum
1190 1243 1282 1303 verba

284 1339 448 1400 Chremetis
469 1339 508 1399 ad
528 1338 674 1399 Thaidem
687 1338 841 1418 venientis,
861 1336 1058 1417 perductique
1079 1335 1118 1395 ad
1136 1333 1281 1397 militem:

283 1433 461 1516 Antiphonie
480 1434 670 1514 Chareaeque
683 1434 860 1512 colloquium
875 1432 913 1492 de
930 1426 1096 1512 vitiataper
1111 1428 1211 1492 dolum
1223 1415 1282 1492 vir-⁸

282 1532 361 1612 gine.
400 1531 439 1614 in
456 1542 555 1609 quarto
578 1542 647 1591 actu
667 1529 776 1590 Dorias
791 1528 911 1589 nunciat
921 1525 1050 1608 jurgium
1070 1527 1147 1588 inter
1159 1525 1283 1589 milhmin

283 1641 313 1689 et
325 1629 487 1689 Thaidem:
508 1640 571 1689 tum
589 1627 717 1688 reditum
734 1625 825 1689 habet
835 1646 874 1687 ex
884 1624 953 1686 villa
967 1625 1119 1699 Phaedrioe,
1134 1636 1165 1686 et
1177 1645 1283 1707 quere·

283 1726 341 1785 lam
364 1723 479 1806 Pythiae
496 1725 533 1785 de
546 1724 648 1785 vitiata
668 1725 780 1805 virgine
801 1723 879 1804 apud
899 1721 1083 1786 Phaedriam:
1105 1734 1136 1785 et
1155 1721 1284 1786 eundem

282 1833 449 1902 stupentem
459 1822 539 1902 quod
549 1821 703 1883 audiebat:
725 1839 853 1883 errorem
866 1819 938 1881 ebrii
949 1820 1130 1882 Chremetis:
1151 1832 1182 1882 et
1191 1821 1284 1882 rerba

284 1918 445 1999 petulantia
471 1915 591 1979 Thaidis
615 1921 770 1980 adversum
789 1919 918 1991 militem,
950 1930 982 1993 et
1008 1915 1106 1980 militis
1127 1919 1283 1979 adversum

285 2015 449 2074 Thaidem:
470 2026 573 2094 parata
590 2016 698 2096 praelia,
716 2016 899 2097 ridiculeque
917 2015 1059 2096 deposita.
1101 2015 1222 2084 Quintus
1234 2034 1282 2075 ac·

284 2121 332 2170 tus
355 2112 422 2170 haec
441 2111 584 2183 continet,
604 2115 754 2192 querelam
768 2113 889 2174 Thaidis
911 2111 948 2173 de
961 2105 1062 2175 vitiata
1078 2113 1201 2192 virgine,
1226 2110 1284 2191 pri·

285 2226 332 2266 mo
347 2225 413 2267 eum
428 2208 546 2289 Pythia,
567 2221 671 2291 postea
684 2232 752 2272 cum
770 2211 835 2292 ipso
849 2211 993 2273 Chaerea:
1011 2221 1073 2272 tum
1086 2209 1282 2271 interventum

286 2299 451 2366 Chremetis
469 2317 557 2386 atque
572 2305 708 2368 nutricis:
739 2304 801 2368 tuni
825 2310 1071 2388 perturbationem
1092 2305 1281 2368 Parmenonis

284 2420 338 2481 per
352 2401 452 2461 dolum
471 2404 604 2485 Pythiae;
625 2413 712 2487 atque
727 2408 789 2485 ejus
808 2405 917 2466 indicio
938 2425 992 2487 per
1012 2425 1122 2478 senem,
1144 2404 1195 2487 qui
1214 2419 1281 2461 rure

284 2508 356 2558 tunc
369 2500 539 2574 advenerat,
561 2500 747 2563 confirmatas
759 2504 893 2582 nuptias:
916 2516 947 2565 et
957 2503 994 2564 ad
1008 2504 1141 2564 ultimum
1156 2501 1283 2562 reditum

285 2596 315 2654 in
329 2596 450 2676 gratiam
465 2598 561 2660 militis
573 2620 641 2660 curn
655 2600 790 2661 Phaedria
800 2614 831 2662 et
841 2590 976 2666 Chaerea.
