2917 4950
239 395 305 461 438
632 392 889 463 EUNUGHI

241 582 400 649 Hoccine
419 587 490 647 tam
514 584 630 648 audax
654 584 789 650 facinus
809 583 924 650 facere
943 602 1023 650 csse
1038 585 1183 650 ausmnl
1210 586 1281 652 ΡΗ.

368 694 481 758 Perii!
504 692 570 759 hoc
585 696 670 778 quid
685 696 730 761 sit
744 715 873 761 vereor.

239 805 310 872 ΡΥ.
334 804 550 885 Quinetiam
570 807 710 891 insuper
734 807 860 884 scelus,
882 811 1066 889 postquam
1088 791 1280 873 luditicatus

368 923 421 984 est
433 918 609 1000 vmfflncm,

237 1029 379 1095 Vestem
394 1049 528 1096 omnem
540 1030 661 1095 misere
676 1030 835 1096 discidit:
849 1035 921 1096 tum
932 1030 1044 1114 ipsam
1057 1028 1186 1114 capillo
1201 1047 1281 1094 con·

369 1140 481 1205 scidit.
1071 1225 1073 1232 Α

178 1251 182 1256 ’
238 1255 309 1319 ΡΗ.
331 1251 439 1317 Hem!
461 1251 530 1315 Pr.
558 1251 627 1332 Qui
641 1273 732 1319 nunc
748 1250 1000 1330 sideturmihi3
1260 1258 1280 1314 5

238 1435 277 1475 tor
282 1434 318 1474 est
325 1425 432 1473 sceleris:
441 1426 564 1483 metiatur,
571 1427 595 1474 in
603 1444 648 1488 quo
657 1429 734 1477 scelus
784 1430 897 1488 suntpost
903 1422 1021 1487 negotium
1028 1420 1180 1485 (proscenium
1185 1422 1226 1487 Z.)
1232 1440 1284 1487 ges·

239 1502 270 1549 sit
281 1500 432 1547 constitutum
442 1500 482 1547 vel
493 1499 648 1548 commissum.
664 1502 735 1548 Scele-
784 1507 815 1548 ta.
846 1500 878 1547 Et
894 1498 961 1553 mire',
974 1504 1090 1559 postquam
1106 1496 1234 1559 ludificatus
1245 1506 1283 1554 est,

235 1589 309 1621 sonim
333 1582 399 1635 atqtoe
418 1572 523 1635 impitus]
556 1572 690 1620 &eloctum
710 1573 735 1620 in
784 1572 872 1620 d‘ucidit
883 1570 959 1619 dixit:
978 1586 1030 1617 cum
1044 1569 1085 1617 ille
1094 1569 1213 1634 videlieet,
1229 1571 1283 1617 dnm

235 1646 357 1702 Thaidem,
366 1646 459 1705 impium
470 1644 494 1690 in
504 1643 626 1705 virginem.
638 1645 669 1691 D.
783 1644 851 1705 virgo
869 1644 1003 1699 reluctatur,
1019 1642 1063 1688 hoc
1080 1642 1169 1689 iecerit.
1187 1644 1217 1689 Et
1227 1643 1284 1689 mire

271 1716 315 1765 Uti
331 1733 371 1781 ego
386 1715 463 1778 illum]
480 1716 540 1763 Haec
556 1730 625 1764 scena
642 1722 736 1764 contec-
785 1716 901 1776 expressit
912 1715 995 1763 vitium
1013 1715 1102 1761 illatum
1118 1714 1202 1776 virgini
1215 1716 1244 1761 ab
1257 1731 1285 1762 eu

236 1791 337 1840 versiam
346 1797 409 1838 tenet
419 1790 488 1836 talem
497 1806 504 1836 ε
514 1806 609 1837 munera
620 1781 738 1837 meretrici
785 1789 889 1851 quidem,
901 1789 939 1851 qui
951 1787 1035 1836 vitiare
1042 1790 1091 1848 jem
1100 1797 1192 1849 posset:
1201 1789 1243 1835 sed
1252 1795 1286 1835 ta·

235 1874 324 1914 amator
339 1864 412 1920 misit,
431 1863 455 1909 in
474 1863 511 1909 his
530 1864 679 1910 Eunuchum:
697 1862 737 1925 qui
778 1861 1287 1925 «meneiusmodiadulescentulo,cujusprop·

235 1937 418 1986 commendatam
441 1935 554 1997 virginem
576 1936 649 1982 scissa
670 1943 737 1983 veste
786 1943 821 1982 ter
835 1944 922 1982 teneras
938 1933 1089 1979 adhncvires
1107 1933 1135 1978 sd
1150 1927 1287 1994 explendum

235 2010 339 2065 laniavit,
350 2014 374 2055 et
383 2008 451 2068 fugit.
470 2009 533 2054 Reus
545 2014 582 2054 est
592 2007 737 2068 injuriarum,
786 2023 902 2062 venerem,
909 2005 1015 2067 longiore
1021 2021 1083 2051 noxa
1089 2004 1162 2068 (lege,
1172 2007 1208 2053 vel
1217 2023 1287 2062 moro,

236 2085 276 2147 qui
293 2084 352 2129 dous
369 2080 442 2128 misit.
459 2080 508 2126 Hic
529 2078 604 2140 primo
623 2080 735 2140 qualitas:
786 2081 890 2137 velriuu,
902 2080 938 2126 vel
952 2077 1030 2141 luctu)
1043 2078 1154 2125 adversus
1169 2078 1285 2139 virginem

234 2155 320 2203 deinde
331 2153 470 2213 conjectura,
487 2167 515 2198 an
527 2152 572 2200 hoc
583 2152 658 2198 animo
668 2151 737 2199 mise·
785 2154 896 2200 utendum
909 2151 961 2198 luit.
978 2152 1040 2197 Nam
1051 2150 1104 2197 ideo
1119 2157 1206 2211 praeter
1220 2168 1286 2199 occa-

235 2229 276 2286 rit,
298 2233 323 2273 ut
339 2225 445 2283 iniuriam
463 2224 557 2271 faceret.
580 2225 673 2271 Rursus
689 2225 735 2271 alia
786 2225 872 2273 sionem
880 2224 972 2273 familiae
984 2224 1132 2280 discedentis,
1144 2231 1244 2283 tempus,
1252 2225 1286 2271 lo·

234 2302 375 2361 conjectura,
384 2315 413 2346 an
425 2298 550 2344 Eunuchus
562 2296 680 2344 vitiaverit
688 2296 735 2344 vir·
784 2314 834 2355 cus,
844 2306 869 2345 et
879 2306 963 2345 caetera
973 2297 1084 2343 attributa
1099 2296 1201 2359 negotio,
1217 2298 1287 2345 etiam

235 2374 320 2437 ginem,
339 2372 377 2420 vel
392 2370 475 2418 vitiare
493 2369 603 2431 potuerit.
624 2371 735 2431 Haecper
785 2387 879 2419 somnus
898 2370 1013 2432 virginem
1030 2365 1171 2431 opprimens,
1192 2371 1286 2430 adjuvat

235 2462 317 2497 versus
326 2460 380 2492 suos
388 2444 481 2506 plenius
490 2443 664 2505 explicabimus.
682 2443 735 2490 Pri·
785 2444 910 2492 Ohaeream.
929 2444 960 2491 Et
977 2441 1033 2490 mire
1053 2440 1181 2504 ludificatus
1198 2443 1284 2503 potius,

233 2537 272 2569 mo
283 2518 412 2582 propositio
423 2519 449 2566 iit
459 2533 561 2573 summae,
572 2532 615 2578 per
621 2512 735 2576 conques·
785 2533 860 2579 quam,
869 2516 1006 2578 complexus
1016 2523 1060 2570 est,
1077 2522 1116 2561 ant
1132 2514 1178 2560 tais
1188 2514 1284 2575 aliquid,

232 2595 332 2644 tionem:
352 2592 447 2648 tanne,
461 2591 544 2652 inquit,
556 2599 603 2637 tom
614 2586 735 2651 auduxfu·
784 2592 847 2652 quod
857 2605 958 2638 amorem
969 2588 1090 2635 indicaret.
1108 2589 1140 2634 D.

231 2665 379 2729 cintufacou
389 2681 431 2712 esse
448 2664 544 2711 anuum?
558 2662 651 2710 Deinde
667 2659 735 2721 quasi
817 2661 959 2726 Lodifiectus
966 2660 1008 2725 est]
1026 2661 1161 2709 Perlndum
1173 2668 1197 2709 et
1205 2663 1283 2723 jocum

232 2738 360 2788 testimonii
375 2752 446 2798 genus
455 2736 547 2795 adjicit:
559 2736 614 2796 quin
624 2735 690 2780 etium
698 2736 736 2781 irs·
783 2736 864 2784 irrisit.
882 2737 910 2784 E.

231 2827 297 2874 super
307 2810 385 2865 scelus,
393 2817 507 2871 postquam
517 2804 734 2869 ludificatusestvir-
816 2808 958 2869 Ludificatus
977 2816 1009 2857 est
1025 2807 1145 2873 virginem]
1168 2808 1284 2856 Priscian.

231 2886 314 2948 gisem,
324 2890 401 2931 vestem
412 2896 496 2928 ornnem
506 2882 588 2926 mune
596 2879 692 2925 discidit.
703 2878 733 2924 Ε.
782 2880 824 2929 lib.
833 2882 904 2928 VIII.
923 2883 952 2928 In

266 2956 316 3003 Hie
326 2963 350 3002 et
360 2956 503 3016 subsequens
513 2968 593 3000 versus
603 2950 733 2999 trochaicus
815 2951 969 3016 Ludiflcatus]
986 2955 1007 3000 1.
1019 2969 1041 3002 e.
1059 2952 1170 3013 corrupit,
1184 2952 1285 3009 vitiavit,

233 3036 278 3087 est,
288 3035 420 3076 tetrameter
431 3025 601 3073 acatalecticus.
618 3025 649 3071 B.
782 3041 825 3089 pro
837 3042 882 3087 quo
897 3026 922 3072 in
934 3029 994 3073 Hec.
1014 3028 1035 3073 Ι.
1049 3028 1072 3072 2.
1084 3029 1124 3072 74.
1135 3026 1233 3073 ludibrio
1244 3027 1282 3074 hu·

265 3100 400 3161 Seserem]
412 3099 648 3157 Scelerosusplusest,
662 3111 734 3158 quum
782 3100 839 3157 bere,
857 3101 918 3163 apud
939 3100 1015 3147 Tacit.
1032 3101 1114 3146 Annul.
1138 3100 1196 3146 VII.
1215 3106 1238 3150 2.
1257 3117 1281 3149 v.

233 3175 365 3223 sceleratus.
383 3175 444 3219 Nam
456 3171 547 3218 Gellius
556 3171 599 3217 1v.
613 3174 636 3219 9.
654 3171 734 3230 ohser—
782 3173 906 3220 Heins.·ad
914 3172 956 3218 Sil.
965 3173 1040 3220 Italic.
1054 3174 1125 3219 VIII.
1138 3174 1194 3218 642.
1208 3174 1237 3219 R.
1250 3174 1281 3219 D.

230 3254 272 3295 vat
282 3245 429 3309 adjectivum
437 3259 484 3290 osus
493 3242 603 3290 exeuntia
612 3258 734 3289 excessum
814 3248 831 3291 4
850 3244 933 3291 Vestem
941 3260 1024 3291 omnem
1028 3246 1104 3311 misere
1111 3245 1210 3309 discidit]
1219 3246 1282 3291 hdeo

232 3318 346 3381 quendam
356 3319 473 3364 denotare.
492 3317 555 3362 Voce
566 3313 734 3361 sentententi-
782 3322 867 3364 utnon
887 3332 963 3364 amore
980 3316 1069 3370 fecerit,
1083 3316 1128 3363 sed
1144 3316 1235 3376 injuria.
1252 3318 1283 3364 Et

231 3397 271 3439 tur
281 3391 349 3437 etiam
359 3391 453 3436 Lucret.
464 3389 485 3435 1.
498 3390 537 3434 84.
547 3387 585 3434 nbi
595 3403 617 3433 v.
626 3386 731 3433 Lambin.
782 3390 846 3446 ride,
857 3397 884 3437 ut
893 3407 922 3436 ex
933 3389 970 3437 his
980 3396 1098 3450 appareat,
1110 3388 1206 3435 multum
1213 3389 1283 3451 virgi·

233 3465 271 3511 De
280 3463 332 3510 aliis
340 3464 411 3522 hujus
419 3462 498 3508 turmae
510 3459 632 3520 adjectivis
644 3474 666 3504 v.
676 3458 732 3504 Gor·
781 3478 833 3508 nem
840 3463 975 3510 reluctatum
982 3478 1043 3510 esse.
1063 3460 1120 3508 Turn
1127 3462 1197 3522 ipsum
1205 3463 1283 3523 eupillo

231 3537 290 3584 tium
301 3537 331 3583 ad
340 3535 434 3581 Sallust.
446 3552 469 3596 p.
483 3535 522 3580 66.
540 3532 571 3577 R.
585 3531 618 3576 D.
781 3535 899 3598 cmucidit]
916 3535 991 3582 Multo
1008 3533 1099 3590 melius,
1111 3548 1179 3594 quam
1189 3534 1211 3580 si
1221 3535 1282 3582 dics-

265 3615 280 3658 2
296 3601 570 3672 Audassociuossocere]
588 3600 734 3664 Fucinusfu·
781 3613 826 3662 ret,
837 3609 943 3668 capillum
952 3608 988 3655 ilii
996 3606 1108 3655 concutis.
1126 3608 1157 3653 D.

231 3675 507 3743 ceretiguraoigxaisuis.
521 3674 571 3722 Hoc
578 3675 632 3737 quid
638 3675 733 3721 sitcers·
815 3679 935 3727 Bentleius
945 3679 1028 3735 edidit,
1043 3681 1144 3737 miser-ce,
1162 3681 1225 3739 quod
1241 3679 1283 3726 mi·

231 3753 268 3817 or]
285 3755 333 3801 Pro
343 3754 509 3799 duohusunum
518 3748 587 3804 dixit,
598 3747 689 3795 scilicet
699 3763 733 3795 ue·
782 3766 826 3798 nus
845 3753 934 3813 placet:
952 3753 1006 3813 quia
1023 3754 1072 3813 ipsc
1087 3751 1112 3797 in
1127 3754 1232 3799 membro
1248 3769 1283 3800 se·

231 3842 291 3884 reor,
302 3843 353 3888 pro,
364 3834 388 3873 et
399 3825 479 3872 nescio
489 3830 513 3869 et
522 3837 611 3868 vereor.
634 3823 666 3868 D.
782 3830 865 3886 qucute
886 3818 1011 3886 opponitur
1024 3825 1077 3872 cesti
1094 3826 1161 3870 moui.
1179 3825 1235 3871 vid.
1253 3826 1282 3872 cl.

265 3898 329 3945 Perii
339 3914 391 3944 cum
401 3897 466 3943 libris
477 3895 524 3941 sere
533 3894 636 3941 omnihus
645 3901 669 3940 et
677 3893 730 3941 edd.
782 3896 877 3944 Ernesti
887 3898 917 3944 ad
928 3897 959 3944 11.
972 3898 994 3953 t,
1014 3900 1037 3946 4.
1050 3895 1090 3942 uhi
1107 3895 1239 3957 disputatur
1251 3899 1281 3946 de

231 3976 289 4019 veti·
301 3971 394 4031 Pyihloe
401 3968 594 4015 tribuendumesi.
607 3965 662 4013 Vid.
670 3966 729 4013 And.
782 3967 1040 4030 vipronominiskvqiq,
1060 3969 1087 4015 Ζ,

230 4045 314 4092 ΙΠ.5.
327 4046 350 4088 1.
367 4043 398 4089 Β.
816 4041 939 4105 conscidit]
961 4042 1009 4087 Pro
1027 4041 1089 4088 illius
1105 4040 1214 4101 capillum
1229 4056 1282 4088 con·

245 4107 280 4166 '3
298 4113 535 4176 Qrtioetiamiusuper]
547 4111 671 4162 Accusatio
683 4112 730 4158 fac·
781 4111 859 4161 scidit.
883 4114 944 4161 Rara
965 4119 989 4159 et
1010 4114 1111 4161 insolens
1133 4114 1281 4161 constructio.

230 4191 258 4240 ti.
276 4188 362 4252 Scelus]
380 4187 479 4248 Αὔξησις.
500 4187 559 4233 Plus
570 4186 631 4233 enim
641 4191 677 4231 est
687 4200 730 4232 sce-
781 4187 885 4235 Gronov.
896 4189 986 4235 observ.
998 4188 1043 4234 IV.
1051 4190 1089 4235 13.
1100 4187 1282 4248 comparatillnd

232 4264 351 4326 lus,qnam
359 4262 464 4309 melodos.
484 4259 730 4316 UtLucilins,curcer,
779 4259 865 4308 Justin.
873 4260 894 4306 Ι.
903 4261 941 4307 10.
949 4259 1198 4320 iaeei·nritotocorpore.
1212 4260 1242 4304 R.
1250 4259 1284 4305 D'.

232 4336 455 4397 mscaroeredignus.
472 4332 593 4396 Postquam
602 4329 731 4394 ludificatus
812 4333 827 4382 5
845 4332 869 4380 Si
879 4334 946 4381 duur
956 4331 1023 4395 milii]
1040 4335 1078 4380 Ita
1086 4347 1147 4395 saepe
1156 4332 1281 4397 loquuntur

232 4415 262 4456 est
271 4406 392 4471 uirginem]
408 4407 574 4468 Argumentum
584 4406 614 4456 ah
626 4401 664 4454 his
678 4418 731 4465 quse
780 4404 835 4456 irati
850 4406 875 4455 in
885 4405 931 4457 Ad.
946 4406 996 4456 ΙΙΙ.
1015 4410 1039 4457 2.
1052 4408 1091 4456 13.
1109 4404 1211 4454 nihilist
1225 4404 1280 4467 quod
