2917 4950
417 431 600 495 vroron
618 431 697 501 ‚oo
723 432 965 517 commum.
1114 435 1182 496 ixvn

194 611 299 679 neda
313 610 445 691 jambos,
457 623 489 673 ut
509 612 662 693 plurimum
678 613 763 685 solet,
778 623 914 699 usurpat:
933 613 1178 697 quemadmodum

194 730 213 769 a
230 709 360 781 Stobera,
381 710 549 782 Plutarcho,
567 709 673 771 ,Gellio
699 709 790 769 citata
807 708 959 771 Menandri
981 711 1107 770 carmina
1127 712 1179 771 de.

196 814 364 875 monstrant
890 846 894 852 .
1124 868 1127 875 ,
1166 850 1169 855 «

234 901 320 961 aun
346 910 484 980 apparatu
503 902 678 965 sturmen
698 903 829 963 extitisse
846 902 1024 983 emmanu
1043 888 1177 969 'mure

196 1007 271 1079 runt,
292 1016 357 1056 eum
370 997 480 1058 seihcet
500 998 531 1058 in
551 1000 689 1079 personis,
709 1010 771 1083 turn
792 999 822 1057 in
844 998 1003 1079 ipseserie,
1024 1002 1178 1065 comoedia·

193 1112 311 1173 rumque
324 1103 474 1154 contextu.
515 1095 662 1156 Platonius
678 1096 755 1159 enim
768 1105 867 1179 auctor
888 1107 933 1173 est
950 1097 1057 1156 ¹veteris
1071 1118 1178 1165 eumue-

193 1189 362 1269 diae-poetsr
382 1210 399 1250 e
419 1210 508 1253 scena
526 1193 626 1257 solitos
639 1212 703 1254 esse
722 1211 774 1252 eos
787 1193 912 1271 educere
925 1204 1106 1271 personatos,
1127 1195 1177 1279 qui

194 1285 291 1344 rtatim
303 1306 344 1345 ex
361 1286 425 1365 ipsa
442 1287 518 1349 faeie
531 1309 603 1368 quos
612 1298 716 1350 essent
728 1298 791 1369 tnto
804 1307 892 1369 opere
907 1289 1042 1369 carpturi,
1062 1301 1177 1369 specta·

193 1382 301 1441 toribus
313 1382 492 1445 indicarent:
514 1395 546 1462 nt
559 1386 583 1445 si
596 1385 672 1446 forte
684 1385 749 1466 quis
762 1405 822 1445 non
835 1385 935 1467 audire
949 1386 1076 1446 carmina
1089 1407 1177 1467 coge·

193 1488 281 1549 retur,
302 1478 341 1538 de
354 1497 477 1556 persona
493 1491 600 1561 tamen,
621 1482 753 1562 quisnam
773 1492 849 1542 esset
867 1481 1049 1556 deridendus,
1068 1502 1175 1563 agnos·

193 1584 282 1634 aeret.
323 1573 384 1633 Sed
402 1576 506 1656 comici
527 1579 703 1640 recentiores
726 1579 766 1657 ad
786 1579 975 1664 excutiendos
995 1580 1175 1657 potissimum

192 1670 274 1743 risus,
294 1669 463 1732 histrionum
477 1673 566 1734 facies
579 1676 804 1759 configuraruntt
845 1675 893 1732 De
907 1674 1046 1734 industria
1058 1675 1174 1759 quidem

191 1777 370 1827 monstrosos
379 1767 527 1828 hominum
539 1767 784 1849 vultuseffingere
798 1770 985 1839 conabantur,
999 1789 1036 1828 ne
1050 1769 1174 1849 cuipiam

192 1863 264 1925 forte
277 1863 395 1925 fortuna
407 1866 567 1927 Macedoni
577 1878 647 1929 tune
655 1866 795 1946 prefecto
805 1864 911 1945 similes
920 1885 983 1925 esse
994 1864 1174 1927 uiderentur:

190 1960 368 2040 proindeque
381 1962 467 2021 misor
479 1963 528 2023 ille
541 1975 629 2042 poeta
641 1982 698 2022 non
710 1981 798 2022 secus
810 1980 847 2020 ac
861 1961 886 2019 si
902 1962 1057 2037 barbarum
1069 1961 1174 2043 princi·

192 2074 257 2134 pem
268 2057 337 2121 dats
347 2076 436 2136 opera
447 2061 646 2131 subsannaret,
667 2058 783 2138 publice
794 2058 982 2135 multaretur:
1003 2058 1173 2119 adeonobi.

191 2152 225 2212 lis
241 2153 292 2213 illa
313 2153 482 2214 Graecorum
499 2161 632 2232 majestas
649 2155 767 2235 impuris
789 2155 1017 2235 obtemperabat.
1056 2155 1173 2237 Quippe

189 2247 311 2309 distorta
324 2269 446 2329 corpora
462 2251 631 2325 Menander·
647 2251 682 2330 (si
705 2250 838 2310 Platonio
856 2250 1008 2326 oredimus)
1029 2238 1174 2331 planeque

112 2342 124 2363 ⁶
192 2364 372 2413 communem
378 2345 527 2406 hominum
537 2346 708 2424 excedentia
716 2356 848 2405 naturam
857 2346 986 2424 pernotus
999 2346 1172 2425 imitabatur,
1204 2334 1212 2349 ’

190 2440 319 2520 proferto
332 2442 488 2522 sapienter,
510 2442 655 2523 quoniam,
675 2436 769 2520 inquit
787 2439 846 2511 ille,
866 2461 925 2520 non
944 2441 1036 2501 solum
1054 2442 1171 2523 malum,

190 2537 241 2597 sed
254 2550 284 2598 et
293 2538 361 2598 mali
373 2539 490 2598 vitanda
502 2550 547 2598 est
557 2538 690 2617 suspicio.
731 2537 818 2605 Quod
830 2547 927 2595 autem
940 2538 978 2596 ad
989 2537 1097 2597 fabulae
1107 2558 1172 2619 per-

190 2634 263 2694 tinet
275 2645 457 2705 *contextum
478 2634 583 2694 chorus
596 2635 627 2708 in
638 2651 729 2694 causa
742 2643 786 2692 est
799 2652 850 2693 cur
860 2632 935 2691 inter
946 2652 978 2692 se
990 2644 1102 2712 ueteres
1119 2653 1172 2693 no·

191 2729 273 2809 vique
294 2751 353 2790 nnn
366 2732 525 2810 quadrante
546 2731 780 2811 quandoquidem
798 2731 840 2792 illi
859 2731 937 2791 varia
957 2730 1090 2809 quaedam
1102 2750 1171 2811 'mo-

190 2825 336 2887 dulamina
351 2830 559 2907 temperabant,
577 2847 643 2906 quse
663 2829 767 2905 chorus
787 2827 906 2905 singulis
924 2826 1037 2886 actibus
1055 2825 1172 2908 interci-

188 2923 282 2982 nendo
295 2923 411 3002 plebem
421 2924 482 2985 sine
492 2924 590 2995 taedio,
612 2943 762 3003 quousque
773 2923 839 2983 nori
859 2923 1066 3001 egrederentur
1079 2921 1172 2980 histri-

142 3098 145 3107 Ι
191 3036 268 3091 ones,
283 3019 434 3093 detineret.
480 3021 608 3100 Populus
621 3021 698 3092 enim
709 3019 906 3092 Atheniensis,
920 3030 1061 3099 quatenus¹
1072 3037 1171 3077 rerum
1198 3027 1201 3036 '

191 3113 320 3176 dominus
338 3117 509 3190 habebatur,
531 3118 684 3198 quotannis
704 3117 818 3176 AEdiles
837 3103 965 3188 errabat,
990 3115 1039 3195 qui
1060 3127 1170 3196 sumtus

190 3209 298 3273 alendh
318 3233 474 3292 puerorum
494 3214 588 3274 choris
607 3211 860 3276 subministrarent.
901 3213 1048 3290 Ceterum
1064 3211 1170 3272 morus

189 3318 311 3385 quatuor
332 3320 363 3369 et
385 3309 485 3388 viginti
505 3310 581 3382 viris,
602 3309 732 3390 puerisve
758 3319 807 3368 aut
825 3307 939 3386 feminis
962 3308 1169 3388 instruebatur,

190 3402 263 3463 sicut
276 3405 485 3485 Aristophanes
505 3405 534 3464 in
551 3405 663 3466 Avibus
675 3402 773 3465 fabula
789 3415 932 3480 numerat.
953 3451 956 3458 .
973 3404 1005 3467 si
1022 3423 1091 3462 vero
1102 3423 1170 3485 prq-

191 3499 298 3560 miacue
311 3499 364 3560 viri
380 3501 555 3580 feminaque
568 3501 608 3561 ad
625 3502 804 3580 explendum
823 3495 903 3561 chori
920 3489 1069 3580 numerum
1089 3500 1171 3580 adbi-

187 3594 320 3656 berentur
334 3597 425 3677 (quod
435 3597 538 3657 fecisse
549 3596 769 3675 diciturprimus
777 3598 906 3682 omnium
916 3596 1060 3678 Tyrtaeus)
1074 3616 1169 3672 mares

189 3690 334 3752 dimidium
350 3693 545 3754 excedebant.
585 3693 616 3752 Si
628 3693 720 3773 pueri,
742 3704 803 3752 trun
820 3694 933 3766 feminis
947 3692 1060 3767 illorum
1078 3697 1169 3771 major

187 3800 428 3864 numeruaerat..
456 3790 507 3850 sin
528 3776 625 3866 autem
641 3788 694 3849 viri
716 3798 836 3862 tantum,
859 3795 988 3865 juvenes
1003 3787 1113 3860 seilicet
1131 3808 1169 3849 ac

186 3903 280 3957 senes,
294 3885 450 3947 identidem
459 3895 553 3965 poetae
559 3885 688 3963 majores
703 3886 853 3958 tredecim,
866 3885 1021 3945 minoribus
1034 3884 1169 3962 undecim
1254 3937 1256 3942 .

186 3981 392 4056 admiscebant,
412 3992 512 4063 utpote
525 4001 647 4061 quorum
666 3983 703 4041 de
720 3984 836 4044 nomine
849 3981 954 4042 chorus
966 3981 1169 4061 appellaretur.

187 4077 317 4142 Quilibet
329 4089 427 4148 autern
439 4098 477 4138 ex
494 4077 538 4140 hir
552 4078 656 4139 chorus
667 4079 698 4138 in
710 4089 833 4158 quatuor
843 4080 891 4158 (ut
904 4081 996 4156 ajunt)
1008 4080 1080 4153 ζυγὰ
1098 4077 1170 4138 divi·

188 4172 319 4247 debatur,
339 4196 460 4255 quorum
472 4175 586 4255 ringula
598 4195 650 4235 sex
668 4175 849 4235 confluerent
869 4174 1031 4235 saltatores·
1064 4174 1169 4244 ‘Comi-

186 4285 234 4350 nus
246 4270 365 4351 inquam
377 4273 433 4332 hoc
443 4282 528 4352 pacto
541 4272 646 4332 chorus
653 4271 852 4354 apparabatur.
873 4270 950 4330 Nam
958 4271 1033 4349 sieut
1043 4270 1168 4351 AEschy·

186 4363 229 4427 lus
247 4369 335 4444 canit,
354 4369 480 4450 quinque
493 4380 606 4432 tantum
626 4379 657 4429 et
676 4368 778 4431 decem
798 4366 828 4429 in
847 4368 987 4448 tragedia
1007 4368 1166 4430 consmhat.
