2917 4950
182 699 187 902 ἶ
325 777 326 780 ψ
407 697 1105 904 ΑκαυΜΕῌτυΜςλῖ’

539 969 723 1034 :-

184 1187 188 1190 ’
226 1163 433 1237 CHREMES
455 1174 578 1256 Atticus,
591 1187 675 1256 puter
695 1172 840 1235 Pasibulae
857 1185 888 1235 et
902 1167 1091 1248 Philumenae,
1107 1197 1174 1241 cum

187 1290 224 1332 ex
233 1271 278 1333 his
292 1271 405 1333 duabus
416 1291 449 1332 se
462 1272 628 1340 Pasibulam
635 1271 795 1353 perdidisse
807 1263 881 1332 falso
890 1271 1031 1345 crederet,
1041 1273 1172 1335 relictam

185 1367 321 1441 Athenis,
334 1388 389 1427 nec
402 1368 492 1428 visam
504 1379 607 1448 postea
620 1370 712 1429 multo
733 1379 874 1449 tempore,
897 1378 1035 1447 tunquam
1056 1369 1172 1432 unicam

184 1464 237 1525 sibi
258 1466 380 1545 putabat
399 1465 610 1539 Philumenam,
624 1477 711 1546 quam
731 1463 875 1526 Charinus
893 1465 1063 1527 adolescens
1078 1468 1173 1530 Athe·

182 1562 290 1625 niensis
304 1562 459 1623 adamabat
471 1561 568 1636 unice,
579 1572 610 1624 et
630 1561 685 1623 sibi
698 1563 820 1642 petebat
833 1580 967 1623 uxorem.
1009 1563 1070 1624 Sed
1087 1575 1173 1644 pater

183 1666 248 1717 eam
258 1658 416 1738 'Pamphilo
430 1658 556 1731 cuidam,
578 1657 703 1720 Simonis
716 1657 786 1732 filio,
799 1658 876 1718 ultro
889 1645 1101 1738 desponderet:
1122 1663 1173 1742 qui

182 1753 347 1833 Pamphilus
361 1766 464 1812 contra
473 1761 608 1814 sororem
616 1754 775 1836 Chrysidis,
788 1774 823 1814 ac
835 1755 1019 1835 peregrinam
1028 1767 1091 1817 tum
1105 1751 1171 1836 'cre'-

182 1846 279 1920 ditam‚
295 1845 461 1916 Pasibulam
474 1868 561 1930 supra
573 1850 692 1924 dictam,
702 1851 823 1913 alteram
835 1850 998 1914 Chremetis
1010 1852 1109 1933 filiam,
1118 1855 1172 1914 sub
1247 1935 1249 1940 ,
1336 1867 1341 1872 '
1379 1828 1383 1855 i

181 1944 296 2005 nomine
310 1944 452 2025 Glycerii,
465 1945 591 2006 latenter
607 1947 650 2007 sic
671 1948 786 2021 amavit,
808 1955 842 2007 'ut
856 1955 895 2030 er
908 1948 1059 2010 'ea‘filiuui
1072 1955 1170 2034 susce7

180 2027 269 2120 pisset
281 2042 374 2102 inscio
384 2053 477 2121 patre.
518 2043 626 2110 Quare
639 2044 799 2119 intellecta,
815 2055 976 2105 commotus
991 2045 1072 2106 Simo
1087 2059 1173 2127 pater

182 2136 335 2217 Pamphili,
359 2138 429 2198 dum
442 2158 496 2218 per
516 2139 604 2199 falsas
624 2139 740 2219 nuptias
753 2150 849 2200 tentat
866 2139 993 2200 animum
1016 2142 1171 2222 Pamphili,

181 2234 279 2294 multis
292 2234 387 2294 modis
401 2254 419 2294 a
432 2235 518 2295 Davo
531 2235 595 2316 ipse
609 2235 755 2298 deluditur
768 2257 872 2309 servo;
890 2238 1079 2321 periculoque
1094 2233 1174 2302 Cha'·

181 2329 234 2389 riui
248 2341 278 2390 et
293 2319 436 2410 Pamphili
449 2342 545 2392 motus
559 2351 639 2392 error
661 2332 691 2392 in
709 2332 819 2405 fabule,
832 2354 925 2413 usque
941 2336 979 2394 ad
996 2356 1063 2395 eum
1080 2337 1170 2418 finem

182 2426 285 2488 ductus
296 2437 349 2499 est,
369 2426 438 2487 dum
458 2427 588 2488 Athenas
601 2429 720 2489 veniens
735 2430 861 2490 Andrius
879 2432 996 2511 quidam
1012 2433 1094 2494 Crito
1107 2455 1170 2496 rem

182 2522 300 2603 aperiat,
312 2534 343 2584 et
363 2524 472 2583 nodum
485 2525 593 2585 fabuloe
612 2526 725 2585 solvat:
746 2547 798 2606 per
817 2547 904 2606 quem
921 2529 1020 2608 agnita
1033 2528 1170 2593 Pasibula

180 2619 318 2699 recipitur
331 2639 349 2679 a
362 2620 540 2699 parentibus,
561 2632 592 2682 et
613 2623 736 2685 traditur
746 2622 901 2702 Pamphilo
920 2618 1047 2687 amanti:¹
1069 2626 1169 2685 Philu-

179 2727 265 2775 mena
277 2736 347 2776 vero
362 2715 490 2776 Charino
504 2717 758 2805 despondetur,'et
770 2719 894 2779 traditur
907 2722 1079 2800 exoptanti.'
1097 2723 1169 2782 Per·

180 2822 280 2891 specto
291 2823 464 2892 argumento
472 2811 545 2873 scire
553 2811 693 2873 debemus
703 2813 780 2875 hanc
791 2835 857 2875 esse
866 2815 1001 2877 virtutem
1011 2816 1169 2897 poeticam,

180 2919 241 2968 uta
252 2908 412 2968 novissimis
426 2909 588 2987 argumenti
601 2909 690 2968 rebus
708 2909 859 2991 incipiens,
883 2911 995 2971 initium
1016 2910 1124 2999 fabulm
1137 2904 1168 2976 et

181 3003 322 3085 originem
342 3005 485 3065 narrative
506 3005 610 3065 reddat
631 3007 854 3087 spectatoribus,
873 3013 1080 3089 auctoremque
1093 3032 1167 3090 prae-

180 3112 292 3187 sentem
303 3102 358 3161 sibi
368 3102 516 3183 exhibeat,
528 3102 578 3163 ubi
591 3101 657 3160 finis
671 3109 717 3163 est
726 3102 845 3163 fabulae.
870 3104 962 3169 Hunc
976 3102 1052 3165 enim
1066 3108 1167 3189 orbem

180 3211 210 3260 et
219 3200 359 3260 circulum
372 3198 496 3278 poeticae
512 3197 624 3259 virtutis
641 3198 700 3258 non
719 3199 911 3261 modo'secuti
921 3211 989 3263 sunt
1002 3200 1168 3283 tragicico·

179 3297 303 3376 inicique
316 3282 460 3369 auctores,
473 3296 527 3356 sed
545 3296 694 3356 Homerus
704 3296 791 3356 etiam
801 3308 832 3357 et
844 3296 981 3377 Virgilius
1000 3296 1167 3379 tenuerunt

180 3390 361 3453 Divisionem
374 3402 491 3453 actuum
502 3392 532 3450 in
541 3392 655 3452 Latinis
664 3390 769 3452 fabulis
779 3393 977 3456 internoscere
986 3388 1103 3458 difficile
1113 3394 1167 3475 est.

182 3498 298 3551 causam
307 3489 479 3565 jamdudum
498 3487 764 3550 demonstravimus.
805 3490 895 3552 Unde
913 3499 1019 3563 autem,
1038 3502 1090 3569 aut
1098 3490 1167 3573 quo

180 3586 275 3659 modo,
287 3585 416 3666 quamvis
430 3605 518 3664 segre,
536 3595 633 3646 tamen
647 3585 769 3664 intelligi
782 3584 978 3667 distinguique
987 3588 1105 3668 possint,
1121 3599 1167 3667 est

181 3678 276 3764 operae
289 3668 414 3763 pretium
428 3682 535 3744 dicere.
569 3681 722 3762 ,Principio
733 3682 886 3742 dicendum
906 3693 960 3755 est,
976 3682 1166 3765 ¹nullamper-

182 3801 281 3841 sonum
296 3799 443 3859 egressam
455 3777 703 3865 quinquics‚ultra
713 3778 791 3838 exire
802 3798 897 3858 posse.
931 3778 991 3838 Sed
1001 3778 1051 3840 illa
1060 3800 1092 3840 re
1101 3781 1166 3861 ple·

181 3874 491 3956 rumque-decipimur,
505 3875 583 3952 quod
595 3895 756 3954 personam,
779 3894 844 3935 cum
866 3875 999 3948 tacuerit,
1019 3895 1166 3956 egressam

180 3973 252 4034 falso
262 3980 415 4054 putamus:
436 3991 502 4051 quae
514 3971 697 4032 nihilominus
712 3971 740 4030 in
750 3970 902 4051 proscenio
916 3982 1018 4032 tacens
1027 3970 1166 4052 loqu'endi

181 4080 296 4150 tempus
306 4077 472 4147 exspectat.
511 4068 566 4128 Est
574 4069 662 4147 igitur
677 4078 788 4128 attente
805 4069 1101 4142 animadvertendum,
1116 4071 1167 4131 ubi

182 4163 334 4244 etquando
344 4181 434 4245 scena
440 4181 531 4223 vacua
539 4165 576 4224 sit
585 4166 622 4224 ab
631 4164 763 4223 omnibus
772 4164 915 4243 personis,
925 4166 1043 4241 utinea
1051 4166 1168 4241 chorus,

181 4260 226 4320 rel
238 4260 346 4321 tibicen
368 4257 459 4327 audiri
480 4259 586 4340 possit:
608 4261 688 4339 quod
709 4281 798 4340 quum
820 4261 985 4335 siderium,
1007 4263 1167 4324 itinerum

182 4375 243 4417 csse
257 4357 369 4417 finitum
384 4358 523 4420 debemus
536 4376 705 4437 agnoscere.
746 4357 908 4419 contundit
926 4379 1005 4440 sepe
1025 4360 1166 4421 lectorem

221 4471 294 4514 vot.
307 4473 330 4514 1.
702 4473 723 4514 u
