2917 4950
613 458 878 525 ranarum.
1113 542 1115 547 Ι
1212 448 1272 519 “ux
1326 414 1328 431 ¹
1361 508 1383 562 4

229 639 268 699 ad
278 655 417 702 summam
429 642 470 702 rei
483 636 716 722 eognoscendam
731 642 890 707 lectoribus
908 659 967 702 non
979 654 1055 720 opus
1068 642 1147 700 ciust
1158 635 1272 699 unver-

227 751 276 795 m
288 731 418 810 new,
431 735 812 816 ”commortuae
826 735 988 814 remeo
1001 731 1110 792 aaa
1122 730 1271 810 mum

226 824 303 904 quid
313 825 368 885 sibi
382 827 595 898 auctor-vellet.
633 828 710 889 Setis
723 829 764 889 ds
774 829 927 913 bentleJor
946 823 1114 886 Dicendum
1125 835 1181 893 etl,
1201 821 1272 902 ΨΜ

227 916 370 978 occiderit
388 918 510 992 Donato,
523 920 579 1000 qui
598 930 679 992 sene,
699 920 739 980 ob
752 917 954 1000 antiquitatem
974 926 1005 978 et
1024 917 1195 984 doctrinam,
1214 914 1273 996 pri·

226 1017 308 1069 mum
321 1006 405 1072 tenet
415 1011 491 1072 inter
509 1012 680 1075 scholiastes
693 1013 808 1073 locum
841 1012 953 1073 Verum
963 1030 1037 1072 sene
1046 1007 1205 1070 dolendum
1215 1017 1273 1080 est»

202 1129 208 1134 ·
228 1107 293 1178 e'jus
304 1104 423 1177 scholia,
444 1105 544 1187 qualia
560 1105 678 1186 quidem
690 1103 779 1166 bodie
791 1114 904 1178 extant,
923 1103 1051 1185 inprim'u
1070 1095 1273 1181 deplicilsbo·

227 1214 294 1256 rara
306 1196 386 1269 vtio,
407 1197 638 1277 interpolationis
650 1208 681 1258 et
692 1197 896 1277 comrptionia
942 1194 1094 1256 illaenim
1107 1212 1172 1254 esse
1184 1190 1273 1252 inter·

226 1288 327 1368 palata
338 1290 509 1352 accessione
521 1291 724 1352 nonnullorum
746 1291 866 1351 aliorum
879 1289 1064 1359 scholiorum,
1085 1286 1165 1367 (prod
1178 1284 1274 1347 fnum

223 1402 346 1463 quoque
364 1384 395 1445 in
408 1382 633 1465 Aristophanem
644 1383 762 1446 sabellis
782 1383 890 1456 evenit,
909 1382 951 1443 ita
964 1381 1075 1443 clarum
1091 1390 1149 1459 est,
1167 1389 1274 1440 utnon

229 1474 284 1533 nisi
299 1475 354 1536 levi
366 1476 547 1557 inspectione
558 1477 599 1539 eit
612 1478 696 1556 opus.
717 1538 721 1547 ,
738 1475 809 1536 Hoc
825 1475 925 1537 u‘tium
945 1485 1043 1545 autem
1056 1476 1124 1554 cum
1134 1470 1274 1551 tolli'siae
1349 1476 1350 1483 ’

229 1587 342 1628 summa
356 1568 530 1647 temeritate,
550 1581 602 1630 aut
623 1569 701 1629 inani
723 1569 916 1648 disputatione
935 1587 993 1627 non
1014 1586 1100 1647 posse
1115 1564 1274 1635 videretur,

229 1678 251 1718 a
260 1659 343 1720 nobis
355 1662 497 1721 intectum
510 1661 642 1721 relicuum
654 1670 708 1731 est,
720 1680 777 1720 nec
791 1660 942 1722 attulimus
951 1658 1162 1720 notatiunculas
1174 1676 1276 1738 super·

229 1770 350 1824 vacuas,
371 1771 443 1833 quaa
457 1742 675 1839 Westerhovius
686 1753 832 1815 interdum
843 1752 987 1833 adjunxit.
1027 1752 1137 1814 Verum
1150 1750 1275 1811 alterum

176 1874 180 1883 ·
229 1842 344 1915 vitium,
373 1855 513 1924 quantum
534 1845 666 1905 innubis
688 1844 755 1915 fuit,
786 1843 917 1925 inprimis
933 1853 1001 1924 pust
1021 1843 1126 1904 Actum
1150 1842 1275 1922 primum
1376 1903 1378 1907 .

229 1936 341 1999 fabulae
364 1938 475 2018 primas,
497 1938 644 2018 (quoniam
656 1937 694 1999 ab
707 1938 791 1998 initio
810 1937 868 1997 hoc
881 1936 1033 1998 consilium
1049 1936 1133 1997 nobis
1147 1934 1276 1995 nondum

229 2043 299 2093 erat
317 2036 448 2114 captum)
469 2035 574 2111 tqllere
582 2054 681 2097 mimus
693 2035 800 2095 conati.
840 2034 932 2114 Igitur
946 2034 1070 2114 primum
1083 2031 1235 2092 interserui
1245 2042 1278 2091 et

171 2184 174 2189 .
231 2125 343 2207 signo(
385 2129 523 2205 )atextu
540 2129 705 2190 scholiasta
726 2127 846 2188 distinxi
866 2133 1050 2205 conjecturas
1072 2136 1104 2185 et
1122 2126 1277 2196 lectiones,

229 2237 305 2300 quaa
316 2218 535 2279 westerhovius
545 2220 592 2279 vel
601 2219 692 2281 debet
706 2221 781 2280 Abs.
791 2220 959 2300 Wieliogio,
977 2218 1041 2279 viro
1054 2216 1278 2290 consultissimo,

230 2312 281 2372 vel
294 2310 358 2391 ipse
378 2310 498 2392 collegit
516 2332 579 2373 non
589 2312 678 2373 modo
693 2332 733 2372 ex
748 2312 854 2373 codice
869 2312 947 2375 Sam.
961 2310 1060 2373 Hulsii
1078 2311 1214 2390 Hagaure
1236 2309 1278 2370 ci·
1320 2377 1325 2387 ‚

229 2404 329 2464 vitatis
341 2403 393 2488 yiri
406 2405 574 2478 camaleria,
599 2405 703 2467 codice
725 2405 840 2467 Theod.
867 2405 1116 2466 Bnendermalreri
1137 2404 1279 2466 Canonici

231 2498 267 2559 S.
276 2499 397 2559 Martini
407 2498 485 2579 apud
495 2499 870 2577 Ultrnjectinos,etcodice
881 2498 961 2560 edito
969 2497 1189 2560 CardinalisDu
1199 2498 1277 2571 Bois,

230 2580 419 2674 Qumedores
428 2612 483 2652 nos
492 2592 658 2673 compendii
667 2594 910 2654 causeinterdum
920 2593 1046 2654 diximus
1054 2594 1166 2652 Librum
1175 2603 1279 2652 utram
1367 2615 1371 2621 ’

202 2719 211 2725 -
229 2684 314 2763 que),
325 2684 379 2744 scd
397 2685 485 2745 etiam
504 2705 542 2745 ex
560 2685 734 2747 editionibus
755 2686 958 2767 antiquissimis
976 2685 1108 2750 Venetis.
1158 2685 1278 2748 Deinde

230 2798 292 2858 ego
312 2777 376 2859 ipse
396 2777 470 2841 locis
491 2778 645 2859 corruptis,
666 2779 903 2848 aWesterhovio
922 2780 1073 2858 neglectis,
1095 2798 1211 2839 manum
1224 2780 1278 2839 sd·
1354 2827 1355 2830 ,

232 2871 320 2942 moui,
342 2891 435 2950 eaque
452 2872 497 2931 vel
513 2872 661 2951 corrigere
674 2873 721 2932 vel
735 2873 872 2953 supplere
889 2893 955 2938 sum
974 2884 1115 2942 conatus:
1137 2861 1277 2952 atquene
1384 2928 1386 2932 .

231 2983 302 3025 mea
311 2969 478 3040 conjectura
491 2965 553 3025 aliis
566 2966 643 3026 forts
657 2966 753 3026 invitis
768 2967 982 3038 obtruderetun
996 2987 1061 3028 eam
1074 2967 1175 3027 addita
1183 2968 1279 3028 littera

147 3087 150 3090 ·
233 3058 259 3117 Z
270 3060 381 3120 notavi..
400 3060 469 3120 Post
483 3057 677 3121 Donammet
690 3073 821 3142 tempore
833 3074 864 3123 et
872 3063 1012 3143 dignitate
1024 3063 1154 3141 sequitur
1167 3064 1290 3143 Bagra-f

182 3225 188 3230 ¹
228 3152 321 3228 plius,
340 3152 399 3230 qui,
421 3163 562 3233 quantum
581 3174 618 3213 ex
634 3155 782 3229 Gerberti,
803 3176 855 3215 seu
878 3155 1041 3236 Sylvestiis,
1062 3157 1102 3215 ed
1120 3156 1279 3217 Airardum

233 3242 358 3321 epistola
370 3244 527 3323 colligitur,
544 3245 601 3305 sub
619 3246 707 3308 linem
725 3248 818 3307 seculi
834 3243 954 3319 decimi,
974 3246 1093 3307 Othone
1114 3248 1160 3307 lli
1186 3249 1279 3328 impe·
1315 3289 1317 3294 ι
1369 3299 1372 3308 ,

233 3336 423 3409 rante,·vixit‚
444 3337 533 3397 bomo
544 3357 597 3418 pro
611 3338 723 3399 ratione
737 3340 851 3404 illorum
865 3350 1027 3420 temporum
1045 3340 1125 3400 baud
1134 3340 1280 3407 indoctus.

237 3432 334 3509 Hujus
354 3433 555 3494 commentarii
568 3432 598 3491 in
611 3433 793 3505 Terentium,
812 3434 862 3513 qui
875 3434 952 3515 apud
965 3433 1213 3513 Lindenbrogium
1227 3434 1280 3493 ad·

238 3526 356 3585 modum
370 3526 496 3607 corrupti
513 3535 547 3588 et
568 3526 662 3594 mutili
682 3527 952 3605 deprehenduntur,
973 3527 1021 3585 bic
1036 3526 1141 3605 partim
1160 3545 1197 3585 ex
1217 3525 1280 3586 edi·

238 3618 317 3678 tione
331 3619 534 3691 Westerhovii,
555 3618 607 3700 qui
620 3619 735 3679 duobus
747 3620 906 3692 codicibus,
928 3619 979 3680 sed
998 3620 1043 3679 his
1055 3619 1123 3699 ipsis
1136 3619 1281 3699 corruptis

238 3722 270 3769 et
284 3712 428 3783 mutilatis,
443 3712 628 3773 bibliothecae
638 3713 791 3774 Leidensis
804 3724 850 3774 est
863 3734 941 3785 usus,
961 3722 992 3773 et
1011 3724 1126 3773 veteres
1139 3712 1281 3780 editiones

238 3804 371 3875 contulit,
398 3803 503 3884 partim
524 3805 629 3866 nostris
654 3807 830 3882 conjecturis
845 3806 1094 3887 qualibuscunque
1118 3806 1198 3865 aucti
1216 3826 1283 3886 pro·
1308 3887 1309 3890 Ἴ
1380 3793 1385 3799 ’

238 3897 341 3957 deant.
383 3899 458 3958 Cum
472 3898 583 3958 Donati
597 3899 626 3958 iu
638 3900 989 3960 Heautontimorumenon
1009 3898 1118 3959 scholia
1129 3898 1284 3982 videantur

237 3991 370 4073 periisse,
384 3991 415 4049 in
428 3991 527 4052 locum
539 3991 655 4051 illorum
670 3993 811 4069 Culpumrii
821 3992 989 4065 Brixieusia,
1004 3993 1169 4071 qui-seculo
1182 3985 1284 4071 quinto

238 4083 357 4151 decimo
368 4084 513 4143 laurentii
523 4084 619 4146 Valla
629 4096 717 4144 aetate
731 4085 834 4145 vixisse
843 4085 967 4155 videtur,
982 4084 1180 4144 substituimus
1201 4084 1286 4145 scho-

238 4177 289 4246 lia,
303 4186 407 4236 utnon
420 4177 508 4237 modo
522 4178 629 4258 ubique
642 4187 720 4237 esset
734 4177 813 4237 haud
822 4172 938 4256 ingrate
950 4177 1113 4237 fabularum
1123 4176 1284 4258 equalitas,

239 4269 395 4330 sedetiam
411 4270 545 4350 quoniam
560 4270 611 4331 illa
627 4270 705 4329 lectu
719 4268 798 4329 haud
817 4269 937 4349 indigna
951 4270 1197 4339 existimabamus,
1218 4289 1285 4350 quaa

240 4385 321 4445 seps
341 4365 379 4425 ad
400 4361 615 4432 similitudinem
630 4364 859 4425 Donatianorum
878 4371 965 4444 quein
987 4363 1119 4443 proxime
1133 4362 1289 4424 accedunt

284 4476 358 4548 qur..
374 4474 397 4517 1.
444 4534 446 4537 Α
623 4525 625 4530 ,
756 4476 776 4516 a
1312 4473 1316 4476 ’
