2917 4950
482 394 608 465 ‘Act
632 396 684 469 ll.
721 398 902 471 SOENA
925 402 993 470 111.
1205 404 1271 474 588

216 582 325 651 Gerr.
347 582 533 653 mombis
563 586 602 653 S.
617 584 769 653 videsis.
800 586 906 656 cnlr.
921 589 1080 659 Tutemet
1092 587 1270 661 mirabere.

92 729 98 739 ·
188 708 191 713 ·
217 697 255 763 S.
277 696 349 763 Sed
363 698 550 782 quamcito
563 705 643 767 sunt
656 704 853 771 consecutae
868 700 1046 771 mulieres!

216 806 324 875 Onrr.
347 808 418 874 Ubi
432 812 534 876 suntt
556 831 617 877 cur
637 812 786 878 retinest
831 812 869 878 S.
891 812 972 879 Jam
993 833 1083 882 nunc
1101 813 1178 879 haec
1200 831 1271 879 non

185 961 192 974 ·
348 926 401 987 eat
414 926 486 989 tna.
1208 931 1268 995 13⁵

215 1029 322 1099 (intr.
344 1031 440 1110 Scio,
462 1034 557 1119 apud
569 1038 723 1121 patremt
746 1036 1043 1104 atnuncinterim.
1088 1037 1126 1105 S.
1149 1035 1269 1107 Nihilo

346 1163 467 1228 magra.

215 1251 323 1320 (ἔων.
344 1253 438 1319 Sine.
487 1254 524 1321 S.
547 1253 630 1322 Non
651 1258 772 1337 sinam
799 1257 950 1344 inquam.
1002 1256 1109 1327 cnm.
1138 1257 1269 1339 Quaeso

344 1366 529 1451 paulisper.
575 1366 737 1435 Sidete.

215 1473 321 1540 cnm.
343 1476 472 1542 Saltem
487 1478 647 1545 salutare.
682 1481 720 1547 S.
747 1479 879 1557 Abeas,
901 1481 1055 1567 sinapis.
1078 1480 1183 1549 Gerr.
1200 1482 1266 1551 Eo.

216 1583 310 1664 Quid
324 1587 424 1652 istict
468 1588 504 1653 S.
528 1590 693 1659 Manebit.
739 1592 845 1659 (intr.
869 1592 900 1658 Ο
921 1592 1092 1660 hominem
1113 1593 1268 1662 felicem!

342 1698 379 1765 S.
399 1697 561 1767 Ambula.

467 1991 590 2069 ACT.
618 1991 672 2070 ΙΙ.
726 1989 913 2068 SCENA
944 1988 1015 2065 IV.

407 2155 558 2205 siconis.
587 2156 780 2205 surientis.
807 2155 931 2205 curtis.
956 2155 1073 2205 smus,

256 2266 465 2337 AEDEPOL
486 2275 537 2350 te,
552 2290 630 2336 mea
655 2270 846 2356 Antiphila,
875 2268 980 2335 laudo
1006 2275 1041 2336 et
1063 2269 1268 2340 fortunatam

308 2420 313 2426 ,
383 2380 523 2465 judico:

212 2527 282 2575 etiarn
292 2542 345 2575 cmu
359 2526 493 2575 accusativo
510 2526 607 2576 struitur
616 2527 668 2577 hir.
678 2531 714 2577 ll.
762 2527 899 2576 lesoentium
909 2542 1020 2589 querere,
1032 2541 1100 2588 quam
1110 2528 1218 2589 pecunius
1225 2544 1268 2578 ex·

214 2603 253 2649 16.
274 2616 303 2647 ne
317 2601 345 2647 ah
361 2600 468 2648 obsidibus
484 2601 571 2662 quidem
587 2602 646 2648 irum
663 2602 715 2649 belli
763 2600 897 2657 tonsionem,
912 2600 951 2648 hie
967 2614 1059 2662 qaoque
1068 2601 1172 2662 jocunda
1190 2616 1268 2649 eman·

212 2675 400 2722 hostienhscimcit.
409 2674 479 2722 abir.
487 2674 634 2736 interpretes.
645 2677 675 2722 lt.
681 2676 712 2722 D.
763 2674 821 2722 tium
831 2671 965 2736 congressio
975 2672 1147 2735 signantissime
1155 2675 1267 2736 exprimi-

246 2750 294 2797 133
313 2745 367 2794 Vide
381 2745 439 2809 sisl]
455 2746 571 2796 Vultuose
588 2746 712 2808 pronunci-

213 2820 296 2866 andum
308 2826 351 2867 est.
368 2821 395 2867 (l.

245 2893 294 2940 135
311 2891 469 2956 carreiam]
481 2892 629 2954 impatientia
636 2908 712 2939 aman-

211 2964 242 3012 tis
260 2965 397 3013 ostenditur.
415 2966 475 3011 Nam
486 2966 537 3012 sisa
547 2966 628 3022 senice,
646 2965 714 3014 Gliti-

211 3038 257 3099 pho
267 3039 339 3086 rerba
347 3037 400 3099 Syri
409 3037 522 3085 oblivioni
533 3039 667 3085 tradiderat.
684 3041 711 3086 G.

244 3112 293 3158 136
318 3110 386 3170 Apud
404 3112 505 3175 parem]
529 3112 665 3159 Observabo
687 3111 714 3158 id

211 3184 273 3245 quod
284 3199 322 3230 me
332 3182 480 3230 admonuisti.
496 3184 527 3231 As
536 3200 598 3231 cone
610 3185 713 3248 iuterim]

211 3257 371 3309 emmae
382 3256 494 3303 amentis:
511 3264 538 3303 ut
554 3258 593 3314 ait,
613 3257 664 3306 siue
678 3258 714 3303 in·

210 3330 279 3379 terim
289 3330 408 3392 paulisper
418 3344 471 3376 oum
481 3329 555 3376 amica
564 3331 651 3378 ludere.
670 3330 714 3378 Ni·

212 3402 257 3451 hilo
270 3402 353 3468 magis]
376 3403 434 3450 Vult
448 3403 521 3464 Syros
537 3418 588 3450 eum
599 3411 713 3464 perpetuo

209 3477 349 3533 modestum,
365 3491 395 3522 ne
407 3476 428 3522 si
438 3475 560 3536 inceperit,
575 3491 620 3522 uon
637 3475 713 3536 possit

210 3561 235 3595 se
245 3548 369 3603 abstinere,
380 3546 450 3594 etiam
461 3555 526 3609 patre
537 3548 638 3596 vidente.
656 3548 683 3595 G.

242 3621 336 3670 1³81n
355 3621 446 3667 duohns
463 3619 629 3682 antiquissimis
644 3620 712 3668 libris

209 3691 300 3749 Fserni,
311 3694 428 3740 Bembino
437 3700 461 3739 et
467 3693 580 3763 Vaticano
586 3701 623 3739 est
630 3695 710 3754 sepias,

208 3766 271 3827 qnod
279 3766 357 3812 versui
364 3768 424 3812 hene
432 3766 549 3814 convenit
567 3764 651 3813 Nostri
662 3780 710 3812 cm-

209 3853 250 3885 nes
259 3839 369 3886 mendose
379 3840 444 3899 sapis.
462 3840 490 3886 B.

241 3913 290 3960 139
307 3912 369 3965 Quid
379 3910 457 3974 istiel]
474 3909 528 3958 Istic
538 3925 582 3971 pro
594 3909 646 3958 iste.
664 3910 692 3958 (l.

241 3991 255 4032 1
273 3983 367 4044 Edepol
374 3993 395 4031 te
403 3999 451 4031 meo
458 3982 588 4045 Antiphilu]
606 3983 658 4031 Non
666 4000 708 4046 po·

207 4056 254 4104 tuit
274 4055 358 4103 melius
379 4056 536 4104 conditionem
554 4057 707 4104 meretriciam

207 4128 349 4189 exprimere,
359 4145 427 4189 quam
444 4145 487 4191 per
501 4145 551 4176 eam
565 4144 617 4191 quse
633 4145 708 4176 mere-

207 4201 255 4249 trix
267 4208 344 4248 esset:
360 4218 412 4263 quse
420 4207 496 4249 tamen
506 4201 592 4248 nomini
602 4201 709 4248 meretri-

207 4274 244 4321 cio
267 4275 337 4329 iuret,
359 4290 412 4322 cum
433 4275 489 4322 alibi
511 4275 708 4335 reprehenduntur

207 4347 350 4404 meretrices,
367 4347 426 4396 nihil
436 4349 500 4397 aliud
516 4364 546 4396 ex
565 4364 642 4396 amore
652 4348 708 4394 udo·

761 2754 807 2796 tur.
824 2747 928 2810 AEdqeol]
946 2748 995 2794 Per
1005 2749 1134 2802 Castorem,
1146 2753 1170 2794 et
1185 2749 1267 2796 Pollu·

762 2837 821 2878 oem,
838 2821 945 2868 ornativa
956 2826 1009 2867 sunt
1015 2819 1119 2884 jurandi,
1138 2825 1192 2882 apta
1201 2821 1268 2868 temi-

762 2894 808 2941 nis.
825 2892 853 2939 G.

794 2964 889 3025 AEdepol
900 2971 929 3021 te,
938 2964 1000 3028 mee]
1017 2964 1077 3011 Haeo
1090 2979 1159 3012 scena
1173 2980 1266 3029 compa-

762 3036 873 3084 rationem
882 3037 988 3084 continet
996 3052 1074 3096 earum
1082 3038 1204 3085 mulierum
1213 3053 1266 3100 quas

763 3111 841 3157 amicte
853 3118 914 3167 suot,
932 3111 966 3157 ita
975 3115 1001 3157 ut
1011 3110 1053 3156 uni
1063 3110 1174 3168 serviant,
1190 3117 1215 3159 et
1228 3127 1268 3159 ea·

762 3199 813 3230 rurn
821 3199 873 3245 quse
881 3182 987 3244 plurimis
996 3182 1033 3229 sui
1041 3184 1147 3245 corporis
1154 3184 1266 3233 exhibent

763 3262 910 3318 potestatem.
934 3257 966 3303 Et
979 3272 1008 3303 ne
1025 3256 1148 3305 videantur
1159 3257 1266 3305 meretri·

763 3345 804 3378 oes
811 3330 914 3392 injustse,
922 3330 1026 3377 defensio
1032 3339 1077 3388 est,
1087 3338 1111 3378 et
1117 3331 1184 3392 quasi
1191 3332 1266 3380 forma

762 3402 867 3464 quaedam
886 3402 925 3449 hic
943 3403 1107 3449 coutroversiae
1125 3402 1264 3451 continetur.

763 3477 811 3522 Res
832 3473 890 3537 (ree
911 3471 953 3537 Z.)
974 3474 1035 3520 euim
1057 3475 1117 3521 liunt
1134 3474 1265 3522 meretricis

762 3546 900 3609 (murices
910 3543 952 3609 Z.)
961 3561 1031 3606 quum
1039 3545 1131 3606 injustae
1142 3552 1197 3593 sunt
1204 3562 1266 3593 ama·

760 3619 849 3666 toribus
861 3618 909 3666 suis
920 3624 944 3665 et
952 3618 1064 3676 adverse,
1073 3619 1127 3666 dum
1137 3619 1264 3681 pluiimum

760 3699 848 3754 petant.
865 3694 941 3751 Quam
954 3707 1004 3739 rem
1021 3707 1122 3753 purgans
1142 3692 1265 3752 meretrix,
1287 3703 1290 3706 ‘

760 3764 852 3812 dicitas
862 3764 916 3822 hoc,
925 3765 986 3826 quod
997 3764 1092 3819 faciunt,
1100 3765 1176 3812 secere
1183 3781 1264 3814 neces·

760 3836 838 3892 sitste,
848 3852 877 3884 ne
888 3853 940 3885 oum
949 3843 1006 3884 retas
1013 3837 1104 3892 abierit,
1109 3845 1134 3884 et
1143 3844 1264 3886 esneetuta

759 3910 864 3958 exh'nste
873 3911 1023 3972 pulchritudo
1031 3910 1175 3969 discesserit,
1182 3912 1264 3975 inopia

758 3991 857 4041 msneat,
871 3984 917 4031 nisi
927 3990 994 4032 antea
1003 3983 1153 4045 quaesiverint
1162 3985 1263 4043 lucrum,

759 4071 804 4116 quo
821 4056 911 4118 possint
927 4064 1056 4105 sustentare
1073 4058 1215 4118 decrepitam
1234 4073 1262 4105 ac

757 4129 865 4177 miseram
878 4138 1030 4184 senectutem.
1058 4130 1146 4188 laudo,
1157 4140 1179 4178 et
1180 4129 1263 4195 fortu-

757 4211 836 4249 nntum
843 4204 947 4266 judicu]
971 4206 1125 4252 Vehementer
1135 4212 1160 4251 te
1171 4206 1262 4252 beatam

756 4276 893 4338 felicemque
914 4279 1003 4339 jssdioc,
1021 4295 1074 4326 cum
1088 4277 1115 4325 id
1132 4278 1216 4339 egesti,
1235 4284 1263 4325 nt
1345 4293 1351 4303 ·

758 4352 974 4401 morestuaetormae
981 4352 1138 4402 convenirent.
1150 4354 1185 4400 Ut
1193 4367 1262 4414 opor·
