2917 4950
483 366 601 436 nor.
625 370 655 445 1.
688 363 872 435 *sonna
894 364 944 430 11.
1155 368 1239 449 v⁵5⁵
1288 343 1292 350 '

190 550 272 620 Fuit
299 571 434 638 temper
456 552 679 620 familiaritas.
735 554 803 621 (iri.
832 551 1238 635 Voluptatemmagnam

317 664 473 729 nuncies.
795 686 798 689 ‘
1085 645 1089 654 ¹
1195 669 1235 724 lo

188 771 304 853 Quam
317 776 441 843 vellem
454 775 694 842 Menedemum
704 775 894 852 invitatum,
909 776 947 836 at
958 769 1137 838 nobiscum
1147 776 1238 855 esset

316 885 419 952 hodie
435 887 602 971 amplius3

189 997 239 1064 Ut
270 997 358 1063 hanc
388 997 542 1064 laetitiam
573 1016 638 1063 neo
661 996 816 1082 opinanti
841 992 970 1079 primus
994 992 1028 1057 ei
1051 991 1237 1079 objicerem

319 1106 430 1172 nomn
723 1086 727 1091 ’

187 1215 302 1302 Atque
327 1219 429 1285 etiam
451 1239 539 1285 nune
563 1224 698 1304 tempus
722 1224 786 1284 est.
814 1219 896 1286 Ὀι..
921 1223 1014 1289 Cave
1035 1200 1145 1307 faxisss
1167 1244 1236 1315 non

295 1396 299 1403 ,
317 1337 370 1395 est
385 1349 485 1415 opus,
508 1336 615 1415 pater.

188 1439 256 1511 GH.
285 1440 525 1528 Quapropterl
570 1442 635 1507 Cn.
660 1440 753 1521 Quia
776 1444 867 1508 enim
889 1445 1097 1512 ineertum’st
1119 1447 1235 1527 etiam,

314 1553 399 1638 quid
413 1572 451 1619 se
465 1553 591 1619 faciat:
611 1553 716 1619 modo
731 1555 836 1621 venit.

186 1664 299 1730 Timet
318 1664 441 1743 omnia,
463 1666 571 1751 patris
585 1665 681 1750 nam,
703 1668 738 1729 et
753 1663 901 1733 animum
912 1664 1036 1732 nmicae
1050 1685 1088 1733 se
1104 1686 1184 1750 erga
1198 1672 1237 1734 ut

318 1778 490 1858 sietsnee3
1196 1784 1233 1841 15

185 1976 270 2026 Bemb.
280 1975 371 2040 etaliis.
383 1977 686 2034 Tnm,ntrersuioonsnla·
733 1977 795 2036 epod
811 1990 846 2023 me
860 1977 890 2023 eis
904 1976 959 2031 volo,
974 1981 1049 2023 tamen
1061 1977 1103 2024 illo
1114 1983 1236 2041 reensante

187 2056 232 2105 tur,
244 2050 296 2097 dele
306 2052 411 2108 verbum,
420 2066 510 2114 magno,
522 2051 585 2111 quod
595 2052 660 2098 abest
671 2065 685 2097 ι
734 2048 795 2096 ultra
803 2048 902 2096 invitare
913 2049 1043 2096 destiterat.
1053 2066 1076 2097 r.
1086 2050 1162 2098 Periz.
1171 2052 1201 2097 sd
1208 2051 1236 2099 8.

186 2122 255 2168 oodd.
267 2123 351 2170 nostris
361 2124 416 2170 vett.
428 2138 470 2169 neo
484 2123 621 2170 asententia
631 2137 686 2184 pos-
733 2121 794 2169 ltlin.
806 2121 850 2168 1v.
864 2123 902 2167 11.
914 2136 938 2181 p.
950 2123 1008 2168 ⁷23.
1029 2121 1061 2167 R.
1074 2122 1106 2168 D.

186 2192 279 2240 tulatnr.
295 2195 323 2243 B.
767 2199 798 2242 12
815 2192 865 2240 Neo
883 2192 997 2255 opinanti]
1013 2194 1161 2254 insperatum
1174 2196 1236 2242 enim

218 2264 444 2329 Aidnsindcanam]
462 2266 524 2313 Male
536 2266 559 2312 in
569 2265 686 2314 nonnullis
735 2265 844 2327 gaudium
855 2266 929 2324 ran'ne
937 2281 989 2312 esse
997 2266 1070 2312 solet:
1088 2268 1238 2327 quemadmo-

185 2337 328 2386 editIonibus
340 2339 426 2400 legitur
436 2339 529 2386 addoni.
546 2340 624 2387 Verba
634 2354 685 2385 eum
735 2338 790 2384 dum
800 2344 825 2383 et
841 2336 909 2382 dolor
919 2337 1032 2394 acerbior,
1048 2337 1069 2383 sl
1079 2354 1125 2384 non
1136 2339 1238 2403 opinatus*

184 2410 423 2471 pre-positionemve]
434 2411 462 2458 ab
474 2411 603 2472 composita
612 2411 638 2459 in
649 2426 686 2458 re·
736 2409 854 2470 objicitur.
872 2410 899 2455 (l.
1225 2412 1227 2415 '

185 2484 270 2547 gimlne
287 2484 403 2547 eleganter
419 2485 546 2546 junguntur
558 2500 610 2532 enm
627 2501 686 2547 prar-
768 2482 841 2537 Ordo,
848 2482 938 2542 primas
947 2481 1058 2544 olpiemm
1071 2484 1092 2530 ei
1102 2485 1169 2540 domi,
1180 2499 1236 2531 eon-

184 2556 300 2619 positione
309 2556 348 2612 nd,
359 2562 385 2603 nt
393 2557 479 2603 avolare
494 2557 524 2603 nd
536 2559 625 2620 equites,
635 2572 685 2605 eoo·
735 2569 804 2601 sensa
815 2553 883 2600 eodd.
895 2548 1064 2616 complebatur.
1081 2554 1111 2601 B.

184 2644 237 2677 ears
251 2629 281 2675 ad
291 2628 381 2684 bellom,
394 2629 501 2677 sidetem
518 2631 543 2677 ln
559 2631 685 2677 interiorem
768 2621 899 2689 objicerem]
916 2625 1238 2691 Objioi'dic'untu'rquaepre·

181 2708 268 2762 portem
278 2697 685 2761 edinmdeqnibusvfflralsenlissad
734 2707 770 2749 ter
781 2700 912 2761 opinionem
928 2699 1043 2746 eveniunt.
1055 2700 1078 2746 in
1090 2700 1135 2747 Ad.
1152 2703 1195 2749 IV.
1213 2707 1238 2751 4.
1316 2733 1323 2741 ·

184 2772 240 2821 Lir.
252 2773 274 2820 1.
284 2774 324 2823 57.
335 2773 408 2821 citans
418 2775 478 2836 equis
485 2773 574 2823 anetam
585 2772 683 2823 mnam.
735 2778 757 2822 1.
771 2773 825 2820 Lir.
835 2773 878 2819 Vl.
890 2775 930 2820 14.
942 2788 990 2833 pne
1001 2772 1039 2819 nbi
1054 2774 1189 2836 objoetatpes
1197 2784 1236 2823 est.

217 2922 251 2964 to
269 2917 407 2980 Voluptatem
418 2934 523 2983 magnam
535 2918 639 2981 anacim]
651 2920 686 2967 Ut
769 2922 800 2966 13
816 2919 898 2982 Atque]
924 2920 978 2966 Hoe
1001 2925 1044 2975 est,
1065 2925 1091 2966 nt
1113 2918 1237 2981 aliqnando

184 2990 269 3040 (liceto
294 2990 319 3037 in
342 2991 457 3052 Epistolis
483 2993 512 3039 ad
531 2992 588 3040 Dir.
607 2992 641 3039 11.
662 2994 685 3040 9.
736 2990 1084 3054 priusdiximns,extraDonati
1092 2994 1237 3052 sententiam.

184 3064 319 3124 ooltrptntem
330 3062 399 3110 lebni
409 3064 508 3111 nimiam.
525 3064 551 3110 C.
738 3063 796 3110 Cave
801 3062 876 3127 fasta]
893 3063 993 3128 Volebat
1005 3065 1116 3111 Chremes
1127 3067 1237 3114 nuneiare

229 3135 368 3196 Voluptatem
395 3134 512 3199 magnam]
546 3134 596 3182 Scit
627 3133 687 3182 enim
737 3137 979 3190 ltlenedemorediisse
987 3136 1125 3185 filiurnzsed
1135 3137 1237 3201 Clitipho

186 3209 297 3257 Chremes
308 3209 455 3257 vehementer
472 3215 562 3269 patrem
572 3223 623 3255 esse
642 3208 687 3255 sol·
735 3209 863 3270 prohibuit,
879 3208 941 3269 quod
955 3209 1037 3256 cliuiae
1051 3211 1154 3257 nondum
1165 3212 1239 3275 patrIs

182 3281 283 3328 lioitum.
317 3281 388 3339 Quod
407 3281 472 3328 audit
491 3295 547 3341 ergo
566 3295 685 3328 reversum
734 3281 841 3327 voluntas
852 3287 916 3328 esset
926 3282 1056 3343 perspecta.
1077 3284 1105 3330 G.

185 3354 363 3409 adolescentem,
376 3352 433 3400 dieit
442 3352 486 3400 sibi
497 3359 572 3398 natam
580 3367 685 3413 magnam
767 3352 827 3401 Cave
839 3350 916 3417 faxis]
933 3354 996 3401 Care
1008 3354 1097 3412 faniau
1113 3369 1156 3400 nee
1174 3354 1235 3401 enim

183 3427 334 3491 voluptatem.
351 3426 458 3487 Denique
475 3424 544 3487 hujus
560 3424 685 3485 voluptatis
734 3441 828 3473 neeesse
843 3431 888 3493 ¹ert.
922 3426 1007 3472 Nescit
1023 3441 1119 3486 namque
1138 3441 1152 3472 a
1170 3432 1236 3486 patre

183 3514 275 3546 oausam
293 3498 316 3545 in
337 3498 413 3545 animo
442 3499 528 3544 habens
550 3497 684 3557 subjunxitt
734 3497 806 3544 lilium
815 3497 951 3553 desiderari,
961 3498 1015 3544 ideo
1026 3496 1134 3558 prohibet
1144 3505 1235 3557 patrem

183 3587 250 3634 quam
260 3570 336 3617 vellem
345 3570 683 3617 Mmdemuminoitatumam·
735 3585 801 3617 suum
823 3570 912 3633 aliquid
932 3571 1017 3627 faeere,
1039 3585 1085 3631 quo
1104 3568 1237 3617 rindioetnr

181 3642 353 3704 pltumtthane
362 3642 684 3701 letitiomnecoptnnntiprius
734 3642 867 3690 adolescens
876 3659 991 3690 reversus.
1013 3644 1042 3689 Β.

184 3716 298 3776 olpioerem
309 3716 374 3762 domi.
391 3714 434 3762 Uti
442 3729 485 3759 non
495 3714 628 3775 suspicanti,
637 3729 684 3760 am·
767 3716 826 3776 Leg.
835 3717 889 3762 entis
899 3717 991 3776 tempori
1006 3724 1046 3770 est,
1063 3715 1086 3762 h.
1100 3731 1121 3761 e.
1133 3721 1168 3761 sat
1178 3707 1237 3763 tern-

184 3787 247 3848 plius
258 3787 328 3834 etiam
338 3802 406 3847 qnam
417 3791 502 3848 speret,
513 3786 571 3833 hane
581 3785 684 3832 laetitiam
735 3787 833 3847 pestire,
849 3795 950 3834 mature:
969 3793 995 3833 ut
1012 3787 1089 3833 Plent.
1102 3787 1196 3847 (laptir.
1213 3789 1236 3836 Ι.

185 3858 249 3905 domi
258 3859 375 3918 objiceret.
392 3860 422 3905 E.
564 3857 570 3878 ⁸
737 3862 760 3906 2.
772 3861 811 3905 80.
824 3865 847 3906 et
858 3862 897 3908 88.
913 3860 1043 3915 Numantia
1052 3867 1181 3920 tempestat,
1191 3860 1239 3921 sig-

219 3934 249 3979 11
263 3930 334 3978 Hodie
341 3929 528 3978 etamelioribns
536 3930 603 3977 codd.
611 3930 684 3986 abest,
735 3931 816 3979 nificat
831 3933 886 3979 sotis
898 3948 953 3988 sero,
971 3941 997 3979 ot
1013 3931 1075 3978 Hes.
1093 3932 1137 3979 1v.
1154 3936 1176 3980 2.
1196 3937 1237 3981 21.

186 4011 312 4051 elversom
322 4005 406 4052 turbat.
424 4006 454 4052 B.
653 4023 656 4027 ⁴
735 4005 821 4051 Horat.
837 4005 883 4066 Ep.
898 4006 932 4052 11.
949 4008 972 4052 l.
985 4007 1040 4054 215.
1058 4006 1145 4052 Sensus
1160 4014 1237 4053 antero

218 4075 332 4139 Amplius]
339 4076 440 4137 Amplius
442 4077 585 4138 jungendum
592 4081 627 4122 est
633 4090 685 4121 oum
735 4076 775 4123 hie
785 4077 862 4138 poscit
870 4079 922 4125 satis
931 4079 991 4125 seito.
1010 4080 1038 4124 B.

186 4148 260 4195 verbo
270 4148 398 4195 invitatam.
417 4148 687 4195 ChremesrolebatMe·
764 4142 923 4199 {oduinum
940 4149 1027 4213 amice]
1050 4151 1080 4196 Id
1099 4156 1142 4205 est,
1162 4148 1236 4205 timet,

185 4220 307 4267 nedemum
319 4220 641 4289 ampliusquamlaotnmerat
652 4219 686 4266 in·
735 4236 765 4269 ne
776 4222 849 4268 amisa
860 4237 912 4268 enm
921 4223 1100 4282 portergaverit,
1120 4236 1147 4268 ae
1162 4237 1190 4268 ne
1205 4236 1236 4275 ex
1260 4220 1262 4226 '

184 4293 284 4343 vitatum
297 4308 358 4345 esre.
382 4295 443 4344 Nem
455 4293 499 4343 etsi
515 4294 686 4359 supradixerat
737 4292 788 4357 ejus
798 4293 875 4342 e'nimo
886 4291 1009 4343 effluxerit.
1027 4294 1053 4344 0.
