2917 4950
500 430 832 517 narnatino.
1061 429 1173 501 ιωιι
1238 397 1260 461 »’

183 612 826 697 Μνίιὶιίιιιηιιωιίιιιιυυιιιὼυυ,
850 611 1111 698 inaliispatrieii,
1134 632 1171 677 se

185 706 324 791 ιιωυρμ
346 708 483 789 plebeii
473 731 505 783 in
521 712 640 794 reliquis
660 714 831 795 gradibus
813 713 960 793 sederent.
998 706 1105 799 Itaque
1121 728 1172 771 ve·

186 814 274 879 toros
279 807 440 880 architecti,
453 819 564 873 natura
576 812 697 892 vestigia
713 808 868 893 persecuti,
880 794 1108 889 indagationibus
1120 823 1171 864 vo·
1210 848 1212 853 ,

187 901 240 963 eis
247 904 420 979 scandentes
435 906 613 977 theauorum
629 909 826 989 perfecerunt
828 904 1032 1001 gradistiones,
1046 911 1078 963 et
1094 920 1173 990 quas·

185 999 313 1069 §iverunt
331 1002 435 1081 (inquit
456 1003 614 1084 Vitruvius)
631 1025 684 1086 per
700 1003 870 1069 canonicam
892 988 1172 1069 mathematicorum

186 1106 219 1157 st
236 1098 379 1159 musicam
400 1099 550 1173 rationem,
574 1114 608 1162 ut
633 1121 817 1181 quoeouuque
836 1119 897 1159 vox
919 1098 949 1156 in
972 1115 1061 1157 scens
1084 1101 1171 1164 esset,

185 1193 292 1253 .oiarior
309 1205 341 1253 et
360 1196 474 1256 suavior
494 1198 532 1257 ad
554 1209 750 1277 spectatorum
770 1195 934 1278 perveniret
956 1212 1049 1259 aures,
1072 1209 1109 1249 ao
1132 1207 1171 1249 ne

185 1307 242 1349 τοι
261 1290 427 1370 impediret,
448 1292 491 1352 ita
510 1295 662 1377 compositi
681 1305 766 1357 erant
788 1293 905 1372 gradus2
926 1301 960 1349 ut
981 1289 1059 1347 linea
1079 1301 1170 1363 qunua

186 1385 225 1447 ad
236 1385 326 1444 imum
344 1388 468 1465 gradum
483 1400 516 1448 et
534 1391 574 1453 ad
586 1411 728 1451 summum
741 1399 862 1448 extenta
874 1396 961 1456 esset,
976 1382 1071 1443 omnia
1083 1397 1170 1467 csou·

185 1481 263 1542 mins
275 1484 416 1561 graduum
431 1486 610 1564 angulosque
626 1496 768 1564 tangeret.
810 1486 912 1562 Atque¹
923 1493 957 1542 ut
969 1500 1026 1540 vox
1038 1489 1170 1539 sotorum

184 1581 298 1639 suavior
312 1592 343 1640 et
355 1581 505 1653 delicatior
523 1583 733 1662 spectatoribus
751 1582 909 1659 videretur,
928 1574 1038 1655 antiqui
1051 1573 1170 1633 Graeco*

185 1695 247 1737 rum
260 1677 395 1749 artifices,
413 1678 487 1743 inter
505 1679 590 1740 sedes
609 1680 716 1740 theatri
735 1678 821 1738 Cellas
834 1675 1044 1737 constituerunt
1057 1665 1168 1741 ratione

184 1772 307 1845 musica,
319 1774 348 1833 in
361 1775 467 1854 quibus
480 1795 547 1838 roso
559 1798 639 1849 eaeo,
655 1796 709 1857 pro
723 1774 834 1847 ratione
846 1768 1049 1850 magnitudinis
1063 1764 1169 1825 theatri

184 1867 264 1936 tarta
281 1871 509 1945 ooliooubantur,
527 1892 594 1954 qua
604 1874 647 1934 its
660 1873 802 1943 ishrioata
815 1878 907 1942 erant,
920 1878 955 1927 ut
964 1884 1055 1945 quum
1068 1874 1172 1947 tange·
1227 1885 1231 1891 ‘

183 1975 281 2025 rentur
302 1987 322 2026 a
344 1986 427 2040 voce,
448 1969 726 2039 sonitum-facerent
745 1969 820 2028 inter
843 1986 885 2042 se.
926 1964 1030 2043 quue
1050 1959 1171 2043 artificio

185 2063 329 2125 eolloesta
352 2065 481 2138 fuerumt,
501 2077 535 2126 ut
553 2068 664 2127 nullum
683 2066 825 2147 parietem
845 2071 1010 2140 tangerent,
1035 2059 1170 2139 circaque

164 2182 168 2189 ¹
183 2157 325 2223 habereut
335 2161 431 2221 locum
444 2180 579 2235 vacuum,
600 2174 632 2231 et
647 2182 758 2222 summo
771 2163 866 2242 capite
878 2159 1011 2247 spatium,
1024 2157 1172 2238 poneban

26 2300 27 2349 i
101 2270 104 2271 ⁷
183 2261 285 2333 turque
298 2266 479 2337 &suspensa
491 2261 684 2329 cernebantur
697 2248 749 2320 ore
762 2259 875 2329 declivi,
897 2250 929 2315 ut
947 2256 977 2315 in
994 2254 1029 2317 iis
1049 2270 1169 2336 vorac-

182 2358 279 2411 torum
300 2351 439 2431 ingressa,
463 2356 642 2426 harmoniam
664 2357 805 2427 efficeret,
827 2365 858 2414 et
878 2353 1001 2437 gratiam
1022 2345 1170 2431 quandam

182 2445 300 2510 afferret
311 2452 534 2529 spectatoribus,
556 2464 646 2533 utque
667 2453 817 2524 intellectu
836 2451 947 2511 facilior
968 2458 1054 2509 esset.
1096 2446 1170 2526 Tale

184 2543 323 2622 quiddam
344 2548 432 2608 sudio
453 2550 552 2612 adhue
574 2551 662 2611 hodie
683 2537 788 2612 textore
808 2549 842 2614 iii
861 2547 1032 2627 quibusdam
1053 2545 1170 2623 templis

182 2640 316 2719 antiquis,
338 2664 404 2722 que
423 2663 503 2708 nuno
526 2665 643 2725 quoque
660 2656 812 2727 supersunt
830 2645 953 2722 integra,
972 2642 1052 2722 apud
1064 2650 1169 2716 nostre

184 2740 364 2815 tempertatis
378 2741 508 2812 Grecos.
547 2743 585 2801 In
597 2763 719 2820 quorum
728 2743 842 2812 'fornice
858 2740 1006 2811 inferiore,
1019 2749 1107 2817 atque
1119 2758 1169 2798 su-

184 2832 389 2911 periorevaris
399 2837 617 2902 suntforsmius
629 2838 697 2899 hinc
710 2839 778 2897 inde
793 2856 959 2915 conspersa,
971 2854 1006 2894 ao
1015 2835 1069 2895 sibi
1078 2834 1170 2906 veluti

184 2948 222 2988 ex
235 2930 379 2990 diametro
391 2934 429 2991 ab
441 2951 499 2996 uno
513 2933 552 2992 ad
565 2934 644 2990 aliud
657 2936 733 2991 latus
747 2932 1011 3010 correspondentis,
1025 2932 1178 3014 inquibus.

184 3041 251 3086 usse
264 3045 348 3095 oenes
359 3026 486 3106 impacta
493 3037 569 3097 sunt,
579 3046 701 3105 quorum
712 3048 746 3087 os
757 3029 849 3107 (quod
858 3029 1007 3105 angustius
1017 3041 1071 3100 est,
1083 3050 1169 3107 quava

184 3119 247 3201 ipse
259 3122 375 3199 venter)
389 3133 500 3186 tautum
512 3124 639 3183 exterius
652 3134 743 3201 patet,
758 3144 817 3190 non
837 3124 924 3184 etism
941 3125 1092 3204 prominet
1132 3128 1170 3194 In

186 3236 315 3289 saissa,
327 3238 383 3277 vox
405 3218 436 3277 in
457 3219 566 3296 templo
590 3219 756 3282 canendum
776 3220 898 3290 inclusa,
913 3221 1112 3292 incredibilem
1126 3224 1169 3288 ei-

185 3314 451 3385 tetimonium,
470 3334 613 3393 sonosque
630 3316 916 3389 distinctissimos„et
933 3319 1090 3380 admodum
1104 3338 1172 3400 gra·

185 3420 239 3480 tos,
253 3422 341 3489 atque
351 3413 430 3472 aditu
440 3411 550 3475 faciles.
592 3412 650 3470 Sed
663 3412 693 3486 in
700 3412 819 3478 theatris
828 3434 897 3476 vass
906 3415 1169 3495 resupinasuspen

188 3508 340 3569 debentur.
381 3507 455 3570 Tale
472 3508 543 3586 quid
559 3518 656 3570 autem
671 3510 774 3575 Rornae
790 3511 902 3577 factum
916 3511 1006 3571 fuisse
1024 3513 1082 3576 suis
1096 3524 1169 3576 teni-

187 3604 303 3682 poribus
311 3616 402 3684 negat
411 3605 567 3679 Vitruvius,
578 3606 669 3665 sedin
680 3606 773 3665 Italiae
783 3608 947 3684 regionibus
958 3608 1029 3674 etin
1039 3610 1168 3687 pluribus

188 3700 541 3764 Graecorumeivitatibus·
562 3702 650 3767 Unde
663 3702 774 3761 Lucius
787 3703 944 3784 Mummius
955 3704 1051 3764 diruto
1065 3706 1169 3768 Corin·

183 3795 312 3860 ,itionum
329 3799 447 3860 theatro
465 3802 526 3874 ejus
544 3817 627 3858 oenea
644 3818 713 3863 vass
731 3798 1043 3877 Romamdeportsvit
1079 3787 1170 3868 Multi

185 3886 273 3955 etiam
285 3893 444 3966 arohiteoti,
459 3894 509 3973 qni
522 3894 551 3963 in
565 3893 683 3978 oppidis,
691 3914 751 3954 non
764 3896 875 3973 magnis
887 3896 1004 3960 ¹theatra
1017 3909 1168 3974 conurux-

183 4001 279 4062 erunt,
290 4003 409 4072 propter
420 3992 486 4054 eris
495 3991 855 4076 inopiamficiiiibusdoiiis
864 3992 904 4057 its
913 3995 1082 4058 sonantibus
1092 3997 1169 4060 elao-

182 4088 232 4161 dir,
245 4089 303 4149 hae
315 4088 541 4148 mtioeiuatione'
549 4087 783 4166 constantiensi
799 4099 876 4147 sunt.
916 4091 1098 4169 Quapropter
1110 4092 1170 4154 Ph-

181 4184 250 4244 uiris
264 4184 315 4252 sit,
328 4185 358 4243 in
371 4184 492 4246 theatris
508 4191 611 4245 v'ocein
622 4185 737 4262 optime
757 4204 874 4247 currem
889 4186 919 4243 in
932 4186 1017 4248 doliis
1027 4187 1168 4270 inanibus.

182 4279 223 4344 hi
235 4281 341 4360 ligneia
356 4291 453 4344 autem
469 4281 594 4356 theatris
611 4281 665 4359 (ait
682 4281 839 4355 Vitruvius)
829 4285 920 4385 )qiioe
940 4282 1043 4346 Ronae
1042 4287 1168 4366 putta

181 4374 307 4457 flebant
316 4398 384 4441 noa
385 4372 731 4462 ριριιῃίυαιιίυιμιρ
745 4349 1168 4444 otimtahuhtioueshaberent
