2917 4950
254 416 341 482 lxxx'
579 417 644 478 DE
676 401 931 483 ΤΗΕΑΤΒΟ.

250 599 423 675 Apollinares
432 597 506 672 ludi,
527 598 658 679 Apollini
669 600 841 673 consecrati,
855 611 906 662 aut
916 600 1097 661 inhonorem
1108 601 1252 684 Apolllnis

253 695 385 757 instituti.
1251 736 1253 745 x

452 792 500 852 ne
514 766 682 851 Tantae
694 792 912 871 Amantia
923 796 1051 873 mana

290 905 466 972 Quomelius
477 915 507 966 et
518 904 695 965 commodius
705 915 904 985 spectarentur
915 909 1074 980 comoediae,
1087 912 1247 989 tragoedioe,

248 1012 301 1062 aut
314 1002 384 1074 ludi,
406 1002 466 1063 sive
489 1002 508 1060 ii
532 1001 705 1080 gladiatorii,
726 1002 794 1062 sive
807 1002 894 1062 etiam
916 1005 1038 1082 scenici,
1059 1005 1107 1065 vel
1129 1006 1248 1066 alterius

248 1099 362 1177 generis
374 1110 484 1170 esseut,
494 1098 625 1158 instituta
635 1100 752 1158 sunt-ab
763 1098 895 1177 antiquis,
909 1118 975 1178 quae
985 1101 1094 1160 theatra
1102 1103 1247 1163 vocaban-

248 1204 306 1266 tur,
320 1214 339 1255 a
352 1196 503 1255 commode
515 1195 643 1255 videndo
653 1215 687 1255 ac
697 1195 901 1275 prospiciendo
916 1196 959 1256 sic
973 1196 1129 1276 appellata.
1169 1198 1255 1259 Nam*

248 1292 1253 1370 autetheatrorumusum,sceuaesuperphsastn'sductilibusexstrue·‘-

247 1389 365 1461 bantur,
391 1409 426 1448 ac
441 1409 495 1468 per
514 1388 643 1468 compita
664 1389 772 1477 damae,
789 1389 900 1466 populo
921 1391 1094 1468 praebebant
1116 1392 1246 1453 oblecta·

246 1487 366 1545 tionem.
408 1487 538 1545 Theatra
551 1496 651 1545 autem
665 1495 750 1544 erant
763 1482 895 1554 aedificia,
914 1485 961 1545 vel
975 1486 1182 1565 apparatusin'
1193 1509 1252 1568 po·=

242 1582 305 1663 puli
320 1582 441 1661 gratiam
463 1581 605 1653 instructi,
626 1579 664 1639 ad
683 1579 840 1659 hemicycli
854 1580 993 1657 speciem,
1016 1580 1054 1641 ad
1073 1585 1251 1662 spectandos

161 1714 163 1718 ,
244 1680 347 1739 ludos:
367 1680 520 1756 spectacula
533 1678 641 1738 Latine
659 1696 812 1756 possumus
834 1676 944 1737 dicere.
986 1674 1062 1737 Cum
1082 1674 1180 1739 forum
1201 1680 1271 1739 in··‘

245 1776 377 1836 stitutum
395 1775 496 1846 fuerit,
519 1775 623 1856 (inquit
636 1773 798 1850 Vitruvius)
819 1783 883 1831 turn
900 1773 1020 1831 deorum
1041 1773 1252 1836 immortalium·

243 1873 345 1932 diebus
356 1872 449 1945 festis,
458 1872 594 1930 ludorum
604 1870 839 1950 spectationibus,
851 1869 1005 1948 eligendus
1015 1880 1060 1930 est
1069 1871 1152 1933 locus
1162 1874 1243 1935 thea-

243 1981 289 2030 tro
303 1988 389 2048 quam
407 1968 622 2029 saluberrimus.
662 1966 792 2027 Fuerunt
808 1977 906 2026 autern
928 1965 1043 2027 theatra
1056 1969 1178 2029 duorum
1193 1991 1246 2050 ge·

243 2085 360 2125 nerum:
382 2065 438 2125 alia
450 2066 548 2144 lignea
561 2075 591 2125 et
603 2065 736 2145 pluribus
746 2064 979 2124 tabellationibus
993 2075 1148 2137 exshucta,
1171 2086 1249 2146 qua··

242 2163 282 2221 lia
294 2161 371 2221 ludis
387 2161 511 2241 publicis
522 2161 674 2241 quotannis
687 2161 799 2237 fiebant
813 2163 927 2233 Romae,
949 2173 1039 2242 atque
1053 2183 1089 2223 ea
1101 2165 1243 2243 perennia

242 2257 447 2318 nonfueruntz
468 2259 524 2318 alia
544 2269 692 2319 sumtuosa
717 2270 748 2318 et
771 2258 887 2329 nobilia,
910 2277 949 2317 ex
972 2259 1071 2328 solidis
1093 2261 1190 2333 rebus,
1209 2262 1243 2321 id

243 2367 296 2428 est,
318 2375 357 2439 er
377 2366 523 2415 structura
541 2366 759 2429 caementorum,
781 2356 877 2435 lapide
898 2367 949 2416 aut
964 2352 1118 2418 ¹marmore
1138 2359 1251 2419 consti·

240 2462 314 2525 tuta,
335 2450 421 2533 quale
436 2453 573 2533 estquod
591 2453 753 2513 construxit
766 2452 809 2513 M.
826 2453 953 2513 Scaurus
974 2453 1005 2512 in
1026 2450 1166 2516 aedilitate
1179 2477 1241 2530 sua,
1299 2464 1303 2467 '

240 2551 421 2611 itemetiarn
442 2550 607 2629 Pompeius,
630 2550 723 2610 etalii
746 2550 892 2629 permulti.
934 2551 982 2609 Ita
1004 2562 1104 2612 autem
1121 2561 1241 2633 compo·

240 2649 327 2708 situm
340 2646 396 2706 fuit
410 2637 534 2726 antiquis
548 2647 705 2719 theatrum,
726 2656 758 2704 ut
778 2666 814 2706 eo
835 2648 1019 2719 conveniens,
1043 2659 1074 2707 et
1087 2649 1241 2726 commode

127 2815 133 2822 N
239 2746 344 2804 sedens
357 2744 461 2813 turba,
489 2763 506 2802 e
527 2742 689 2823 longinquo
706 2735 798 2804 'facile
821 2755 955 2823 spectare
979 2756 1089 2823 posset,
1110 2765 1251 2806 concavo*

239 2841 399 2919 aequalique
413 2840 555 2919 parietum
570 2840 767 2916 circumjectu,
783 2851 816 2899 ut
829 2841 875 2900 vel
887 2840 947 2900 leni
961 2855 1034 2901 sono
1049 2841 1130 2900 dicta
1141 2844 1250 2914 verbs,

240 2938 281 2996 ad'
290 2937 413 2996 alterum
426 2936 531 2996 theatri
546 2931 641 3016 caput
658 2936 771 2996 facilius
784 2937 939 2997 ferrentur.
952 2945 954 2947 ’
981 2937 1089 2996 Postea
1102 2957 1172 2998 vero
1186 2959 1239 2999 ex·

239 3034 396 3113 cogitatum
410 3044 454 3092 est
467 3034 614 3092 theatrum
628 3034 658 3091 in
672 3036 825 3094 rotundam
847 3035 971 3093 formam
985 3044 1161 3107 extructum,
1178 3036 1239 3096 alio

239 3131 332 3189 multo
341 3129 532 3189 excellentius
540 3140 627 3208 atque
636 3130 782 3209 capacius,
792 3132 942 3210 magisque
951 3142 1144 3192 sumtuosum:
1157 3132 1248 3211 qnod‘

237 3227 305 3306 quia
318 3227 408 3285 veluti
429 3246 464 3284 ex
484 3226 598 3286 duobus
613 3233 761 3286 constaret
774 3228 907 3298 theatris,
928 3228 1246 3308 rotundemqne¹lfigua2

237 3343 309 3394 ram,
324 3343 383 3382 nou
393 3318 454 3400 jam
468 3323 591 3401 amplius
604 3323 798 3403 hemicyclum
812 3321 945 3396 referret,
967 3327 1006 3385 ob
1020 3325 1052 3384 id
1062 3327 1247 3401 Amphithoe*

238 3433 310 3483 tram
322 3422 436 3481 dictum
458 3430 510 3491 est,
531 3420 618 3500 quale
636 3431 690 3493 est,
711 3420 790 3500 quod
811 3419 899 3479 hodie
922 3422 1026 3481 Romae
1039 3422 1172 3492 ridetur,¹
1185 3421 1236 3480 ali·

236 3518 353 3599 quando
368 3518 404 3577 ab
424 3515 550 3576 Antonio
569 3516 624 3577 Pio
638 3511 821 3588 aedificatum,
842 3527 874 3576 et
891 3536 909 3577 a
923 3517 1029 3577 Gothis
1051 3519 1236 3579 devastatum

238 3616 409 3687 (collisorum
420 3614 526 3691 vulgus
540 3613 736 3691 vocatiquod
750 3613 929 3691 potissimum
943 3616 982 3673 ad
995 3616 1052 3675 alia
1063 3617 1236 3695 'epemacula

154 3784 158 3792 Ι
236 3713 323 3789 vulgo
333 3705 527 3791 proponenda
533 3711 644 3770 factum
653 3721 741 3789 atque
756 3712 903 3769 inventum
918 3710 976 3769 fuit
986 3713 1005 3770 ι’
1015 3731 1083 3771 nam
1096 3712 1134 3771 ad
1145 3713 1246 3790 scenis:

236 3828 286 3867 cos
304 3808 388 3865 ludos
406 3805 630 3885 prospiciendos,
653 3807 744 3886 magis
763 3806 897 3866 idoneum
919 3819 983 3868 erat
1006 3809 1173 3870 theatrum:
1195 3812 1234 3870 ob

236 3902 476 3984 quos-praecipue
499 3903 646 3961 inventurn
664 3902 755 3963 fuisse
776 3904 915 3963 credibile
938 3915 992 3965 est.
1035 3906 1125 3966 Unde
1146 3907 1235 3967 facile

237 3998 421 4075 conjecerim,
443 3997 624 4072 Terentium,
639 4020 697 4079 quo
708 4012 841 4080 tempore
854 4001 1139 4082 primumproposuit
1152 4011 1241 4062 *suamv

237 4098 382 4172 Hecyram,
397 4096 492 4174 egisse
503 4099 532 4154 in
542 4097 761 4173 Amphitheatro:
783 4118 872 4158 scena
881 4118 934 4177 per
945 4100 1072 4159 medium
1083 4100 1171 4180 ipsius
1182 4119 1243 4159 ex·⁴
1302 4132 1310 4140 ,

236 4203 357 4264 structa,
373 4194 453 4253 etad
470 4213 557 4253 unum
577 4203 688 4252 tautum
708 4193 901 4274 hemicyclum
916 4207 1067 4274 spectante
1078 4201 1090 4254 τ’
1111 4216 1178 4256 narn
1194 4197 1234 4255 ab

235 4301 359 4369 utroque
374 4290 586 4371 Amphitheatri
605 4290 788 4352 semicirculo
808 4291 934 4371 spectari
952 4312 1010 4352 non
1024 4301 1162 4372 poterant
1183 4312 1234 4352 co·

235 4387 367 4449 mmdioe:
389 4409 448 4470 quo
456 4389 578 4464 factum,
591 4399 625 4451 ut
635 4388 839 4450 duminaliud
847 4389 923 4449 latus
935 4393 1068 4463 vacuam,
1079 4388 1233 4471 alia-spec·
