2917 4950
218 402 239 460 ii
605 402 906 465 PRAEFATIO.

261 589 280 620 “
296 572 468 643 Ruhnkenii
489 593 568 651 notae
589 582 620 641 in
645 582 820 643 Terentium
845 585 969 664 geminae
990 598 1059 646 sunt
1073 607 1185 661 earum,
1199 609 1272 669 quas

219 692 398 774 scripserunt
422 690 645 753 Westerhorius
659 702 689 750 et
703 692 733 752 J.
749 692 782 752 F.
805 692 972 777 Gronovius
986 692 1006 752 i.
1029 713 1055 753 e.
1071 696 1273 774 grammaticae

218 809 296 871 sunt,
311 818 378 877 quae
390 798 450 857 vim
463 817 606 878 usumque
620 798 776 858 verborum
791 809 854 868 tum
868 817 907 858 ex
920 798 986 879 ipso
1001 799 1142 862 Terentio
1155 811 1217 861 tum
1231 823 1271 863 ex

218 904 282 965 aliis
296 903 498 985 scriptoribus,
522 903 653 985 inprimis
673 904 778 964 Plauto
802 904 833 963 in
856 904 963 965 eodem
987 924 1099 985 genere
1123 907 1274 968 scribendi

218 1009 335 1071 comico
347 1021 462 1071 versato
477 1011 640 1090 explicant,
654 1021 686 1070 et
699 1029 772 1082 rem,
787 1011 826 1071 de
840 1030 898 1090 qua
912 1011 1017 1090 agitur,
1037 1031 1075 1072 ex
1095 1012 1273 1094 antiquitate

220 1125 251 1176 et
264 1114 384 1176 historia
406 1115 562 1177 illustrant
611 1115 681 1175 Non
704 1127 765 1175 tam
785 1115 853 1176 viris
878 1117 999 1178 eruditis
1023 1136 1112 1198 quam
1132 1119 1276 1181 tironibus

219 1221 336 1301 scriptae
360 1233 438 1305 sunt.
481 1222 582 1282 Nullae
595 1222 634 1282 ad
647 1227 774 1282 metrum
789 1222 1027 1283 constituendum
1048 1236 1195 1304 spectant,
1210 1227 1276 1286 nul·

218 1328 257 1387 lae
270 1332 453 1404 conjecturas
468 1328 586 1388 criticas
596 1328 684 1407 hujus
697 1329 746 1388 vel
760 1329 883 1389 aliorum
897 1339 1050 1390 auctorum
1063 1326 1198 1393 veterum
1208 1310 1275 1413 pro·

179 1509 182 1512 ἢ
218 1436 328 1507 ferunt,
344 1435 432 1494 nullae
450 1434 605 1495 artificium
620 1434 770 1516 poeticum
783 1436 843 1495 sive
858 1437 1054 1497 oeconomiam
1067 1439 1276 1500 comoediarum

220 1540 369 1601 evolvunt.
413 1539 475 1600 Sed
496 1539 671 1602 latinitatem
695 1542 823 1602 auctoris
846 1543 986 1615 enodant,
1009 1544 1078 1624 quid
1097 1545 1173 1606 inter
1188 1566 1272 1606 usum

218 1646 360 1727 loquendi
369 1645 458 1724 hujus
472 1646 654 1727 aliorumque
664 1658 821 1707 auctorum
834 1648 1018 1729 diversitatis,
1030 1651 1102 1729 quid
1112 1651 1277 1740 similitudi·

220 1755 264 1814 nis
278 1753 451 1835 reperiatur,
476 1752 636 1833 explicant,
660 1773 750 1834 quam
772 1752 871 1813 lucem
885 1753 934 1812 alii
948 1754 1108 1835 scriptores
1122 1756 1278 1817 locutioni-

219 1862 274 1921 bus
295 1858 481 1919 Terentianis
503 1858 635 1931 afferant,
655 1870 687 1918 et
701 1878 790 1938 quam
803 1859 867 1918 istae
887 1840 960 1940 ipsae
974 1861 1037 1922 aliis
1050 1862 1196 1924 foenerare
1209 1842 1277 1944 pos-

219 1966 288 2041 sint,
308 1965 359 2048 qui
372 1966 548 2045 interpretes
561 1963 759 2027 recentiorum
773 1974 939 2042 temporum
954 1963 1126 2028 definiendae
1141 1971 1277 2031 latinitati

220 2071 372 2151 exquisita
386 2070 507 2151 egregie
521 2089 641 2149 operam
661 2069 803 2140 neverint,
818 2068 941 2147 pulchre
955 2071 1121 2132 ostendunt.
1165 2075 1278 2137 Omnes

220 2178 273 2249 illi,
295 2177 376 2256 apud
389 2196 463 2255 quos
484 2195 581 2236 sermo
595 2193 666 2235 vere
686 2174 795 2234 latinus
810 2172 965 2232 inhonore
983 2183 1039 2245 est,
1055 2194 1192 2253 magnum
1208 2177 1278 2238 inde

188 2274 190 2278 ἱ
220 2285 350 2344 fructum
364 2282 540 2363 percipient,
555 2282 579 2343 si
592 2302 653 2341 non
667 2280 763 2342 obiter
776 2279 842 2339 illas
856 2277 992 2358 legerint,
1007 2280 1062 2339 sed
1075 2281 1141 2341 loca
1154 2291 1186 2340 et
1204 2282 1280 2342 anti-

222 2410 344 2472 quorum
358 2399 388 2449 et
399 2389 598 2449 recentiorum
611 2389 784 2468 scriptorum
795 2405 813 2445 a
823 2384 1001 2444 Ruhnkenio
1022 2385 1208 2447 laudatorum
1231 2408 1280 2447 ac-

222 2506 324 2557 curate
338 2494 554 2575 perpenderint.
590 2494 652 2554 Sed
663 2514 723 2555 non
738 2513 813 2574 opus
824 2501 880 2562 est,
895 2501 928 2549 ut
943 2491 1050 2551 multus
1063 2493 1118 2553 sim
1131 2493 1163 2552 in
1176 2491 1281 2573 praedi·

223 2603 326 2665 caudis
340 2602 576 2662 annotationibus
589 2601 681 2662 bisce.
732 2597 901 2660 Ruhnkenii
915 2618 1024 2658 nomen
1040 2619 1140 2660 earum
1155 2598 1280 2679 dignita·

168 2769 170 2774 ,
223 2720 284 2769 tem
299 2718 330 2769 et
342 2708 467 2789 pretium
481 2707 551 2767 satis
560 2708 736 2788 tuebitur.’'¹
1257 2689 1259 2694 ¹

264 2816 421 2875 Hactenus
431 2815 491 2875 ille.
529 2815 637 2876 Restat
657 2816 853 2889 monendum,¹
864 2834 912 2874 me
929 2824 1010 2874 tomo
1022 2811 1155 2873 secundo
1166 2811 1280 2870 Distri-

225 2925 272 2981 bor
286 2922 429 3002 quasdam
442 2922 570 2981 virorum
585 2923 766 2982 eruditorum
777 2923 814 2982 de
827 2923 926 2983 metris
949 2920 1080 2982 Terentii
1093 2918 1278 2999 praemisisse,

224 3047 297 3107 quas
310 3028 450 3104 adjicere,
459 3047 527 3088 cum
536 3027 687 3108 Lipsianee
701 3029 821 3090 editioni
835 3029 873 3089 ob
886 3047 990 3088 causas
1010 3025 1124 3086 Zeunio
1137 3043 1282 3083 memora·
1360 3109 1367 3118 ἱ

225 3144 270 3194 tas
285 3134 456 3208 deficerent,
471 3154 568 3215 operae
583 3136 708 3215 pretium
719 3137 784 3196 fore
797 3136 960 3217 sperabam.
998 3133 1049 3201 De
1062 3143 1199 3211 typorum
1213 3148 1282 3188 con·

226 3240 367 3302 cinnitate
382 3244 529 3325 totiusque
544 3244 641 3325 operis
655 3262 769 3303 summa
782 3242 905 3319 judicet,
920 3241 971 3322 qui
984 3239 1014 3299 in
1027 3240 1071 3299 his
1090 3237 1204 3319 paginis
1217 3255 1282 3296 ver·

226 3348 345 3409 sabitur.
376 3351 495 3423 Valeas,
511 3352 675 3431 nostrisque
688 3350 940 3429 qualibuscunque
953 3346 1103 3409 laboribus
1116 3342 1231 3438 fruaris.

1215 3448 1278 3508 En.

253 3550 336 3590 natam
346 3550 449 3593 Londini.
459 3554 510 3594 Kal.
520 3554 569 3594 Jan.

302 3610 347 3651 An.
360 3611 513 3653 MDCCCXX.

707 3766 802 3796 ...-

264 3913 502 3968 COMPENDIA
520 3911 761 3977 SCRIPTURAE,
774 3912 922 3978 QUIBUS
939 3910 1009 3964 HIC
1030 3907 1162 3964 SUMUS
1175 3905 1246 3959 USI.

229 4066 258 4112 Β.
291 4061 412 4113 Bentleius
551 4066 579 4112 Ε.
629 4063 778 4124 Eugrspbius
940 4062 977 4109 M.
1038 4064 1160 4122 Magonem

228 4144 271 4189 Bo.
289 4143 363 4190 Bbtlre
546 4144 599 4191 Far.
626 4140 755 4188 Farnobius
942 4142 971 4186 R.
986 4142 1015 4186 D.
1040 4133 1283 4186 RuhnkeuiiDictsta

228 4220 255 4268 G.
288 4221 426 4283 Calpurnius
549 4224 613 4269 Faer.
631 4220 736 4268 Faernus
946 4222 970 4265 S.
1037 4214 1201 4263 Sclnniederns

228 4300 260 4346 D.
286 4301 392 4349 Donatus
547 4300 573 4346 t.
630 4297 818 4358 ninuenbrogius
942 4296 983 4343 W.
1035 4290 1217 4352 Weslsrlrovius

474 4393 482 4404 ·
669 4373 697 4419 Ζ.
731 4372 841 4421 leonius.
