2917 4950
527 439 873 503 urinantium.
988 467 992 477 ·
1110 444 1209 505 itii

212 621 329 683 Deinde
342 631 442 682 autam
454 621 549 682 Plauti
560 632 592 681 et
605 621 754 683 Dossenni
761 602 856 680 initur
869 622 1011 700 exemplo,
1030 643 1103 702 quos
1115 628 1198 684 secto

210 737 259 779 ros
278 719 317 778 de
335 717 452 793 judiciis
473 718 626 779 doctorum
645 718 694 778 ait.
737 717 777 776 Et
794 718 859 778 hoee
875 719 914 777 ad
931 717 1070 790 divinum,
1089 729 1121 778 ut
1135 723 1197 797 jam

214 814 283 885 dixi,
297 833 333 873 ac
346 815 497 893 subactum
511 815 541 873 in
561 814 605 875 his
622 816 792 895 principem,
812 820 893 891 cujus
912 835 968 876 nec
985 814 1128 892 judicium
1141 835 1197 877 nec

214 920 381 970 caeterorum
405 910 538 988 ignorare
559 929 595 970 ea
618 920 793 989 tempestate
813 911 917 989 potuit.
959 911 1000 969 Et
1019 913 1101 989 cujus
1120 912 1197 988 judi·

214 1008 289 1068 cium
307 1007 402 1066 vereri
422 1007 580 1080 debuisset,
602 1008 655 1067 nisi
676 1008 753 1067 idem
775 1008 894 1067 aliorum
915 1007 1024 1066 fuisset
1064 1006 1132 1065 Jnm
1149 1005 1197 1065 illa

214 1103 377 1183 Epicharmi
386 1104 516 1175 imitatio,
532 1113 564 1161 ut
576 1102 767 1175 festivissima,
782 1103 832 1175 ita,
844 1104 868 1161 si
881 1103 918 1162 sit
930 1103 1077 1182 frequens,
1088 1103 1197 1181 frigore

212 1219 268 1259 nen
279 1211 369 1261 caret.
409 1203 485 1266 Quoe
494 1200 536 1272 fit,
547 1220 614 1260 curn
625 1200 671 1259 vel
681 1199 755 1259 falsa
764 1210 957 1280 opponuntur,
972 1209 1022 1258 aut
1037 1198 1197 1273 subjectum

212 1296 290 1356 idem
302 1307 347 1356 est
361 1315 427 1356 cum
441 1296 609 1375 predicato.
651 1296 768 1356 Utrum
784 1295 975 1375 Epicharmus
990 1294 1076 1353 dixit:

370 1447 430 1496 Thra
439 1448 481 1511 μὴ
491 1447 511 1495 ir
521 1451 585 1503 rime
593 1448 634 1510 tyr
642 1448 674 1507 ir,
685 1450 739 1521 sirm
750 1450 770 1498 ii
780 1454 836 1514 megi
848 1451 919 1504 ritem.

370 1529 436 1576 Tune
446 1529 505 1577 inter
515 1530 568 1577 ilios
577 1546 621 1592 ego
632 1544 701 1588 eram,
712 1539 767 1578 tane
778 1532 839 1592 apud
849 1531 910 1579 iiior.

215 1691 265 1751 Bis
277 1690 355 1750 enim
367 1689 445 1751 idem
459 1691 530 1752 dicit
541 1714 549 1761 ;
571 1711 636 1770 qum
649 1702 697 1751 est
708 1692 787 1751 fraus
800 1691 830 1750 in
844 1692 940 1751 verbis
953 1704 1059 1771 praeter
1074 1712 1197 1772 exspec-

214 1788 361 1847 tationem.
402 1786 485 1848 Idem
500 1797 597 1846 autem
609 1798 656 1847 est
669 1806 736 1847 oum
750 1789 908 1868 praedicato
922 1789 1100 1867 subjectum:
1121 1801 1154 1849 ut
1167 1790 1197 1849 in

214 1881 267 1942 iilis
278 1883 396 1942 Curenl.
416 1883 484 1943 A'ct.
496 1884 535 1943 V.
551 1883 645 1945 Seena
657 1884 712 1943 1v.

341 2042 404 2101 Quoi
415 2043 500 2090 homini
511 2044 544 2090 dii
553 2051 606 2091 sant
614 2044 717 2108 propitii,
726 2046 748 2091 ei
757 2061 801 2091 non
815 2060 865 2092 esse
875 2045 947 2093 iratos
959 2054 1020 2109 puto.

216 2155 332 2216 Sticho:
413 2224 415 2233 Ι

279 2287 373 2335 Emalis
380 2287 468 2343 inultis,
479 2288 563 2335 malurn
575 2288 636 2350 quod
646 2289 766 2338 minimum
776 2298 821 2349 est,
831 2290 856 2338 id
864 2291 981 2339 minimum
993 2299 1030 2340 est
1037 2293 1128 2340 maium

219 2418 342 2499 Captivis
351 2440 359 2481 :

372 2551 426 2599 Hos
433 2567 490 2613 quos
499 2552 585 2600 ridetis
595 2560 655 2601 stare
666 2551 771 2613 captivos
782 2551 848 2607 duos,

373 2632 408 2678 Hi
419 2636 486 2689 stant,
497 2648 541 2678 non
552 2635 640 2680 sedent

216 2756 287 2822 Qua
304 2760 366 2831 jam
386 2755 466 2815 docti
488 2755 678 2834 collegerunt.
722 2752 810 2814 Unde
830 2762 860 2812 et
881 2752 965 2811 istam
984 2750 1086 2811 summi
1106 2750 1198 2810 critici

217 2872 367 2914 censuram
381 2853 505 2913 meruit:

375 2983 472 3029 Plautus
484 2982 512 3028 ad
523 2980 642 3042 exemplar
651 2980 724 3027 Siculi
735 2995 858 3042 properare
870 2980 1000 3041 Epicharmi

375 3062 474 3109 Dicitur.
780 3065 782 3072 ’

219 3219 389 3295 Quanquam
401 3234 470 3274 sane
484 3214 552 3273 aiibi
566 3234 624 3273 non
638 3214 789 3273 invenuste
810 3211 843 3271 iis
864 3234 931 3272 usus
950 3224 1003 3273 est.
1045 3215 1118 3281 Quae
1132 3215 1200 3274 Me·

218 3314 325 3375 nander
335 3323 443 3383 tamen,
459 3321 489 3370 et
503 3310 597 3388 imago
616 3314 686 3385 ejus,
707 3312 745 3370 de
759 3332 817 3390 quo
829 3331 906 3370 nune
917 3312 1019 3390 agitur,
1036 3307 1198 3382 Terentius,

217 3419 351 3487 tanquam
371 3427 437 3467 cum
454 3407 583 3486 periculo
603 3413 766 3482 conjuncta,
785 3408 858 3468 serio
870 3409 1017 3487 fugerunt.
1058 3408 1134 3466 Haec
1146 3428 1199 3487 pro

217 3505 276 3565 viro
296 3504 422 3565 maximo
442 3503 580 3573 Horatio:
600 3524 696 3583 neque
717 3505 851 3565 adversus
874 3506 1004 3565 Plautum
1027 3501 1200 3576 dictasunt,

219 3619 302 3679 quem
316 3619 454 3671 amamus,
465 3600 644 3679 suspicimus,
660 3598 864 3680 diligimus,ac
881 3619 1068 3669 veneramur3
1088 3619 1198 3671 verum,

219 3708 252 3755 ut
265 3697 408 3772 judicium
423 3697 466 3757 sic
480 3716 638 3766 acuamus;
658 3697 741 3760 simul
761 3707 792 3754 ut
812 3696 891 3756 acuti
904 3697 960 3767 isti,
976 3696 1054 3774 quod
1067 3694 1200 3755 videntur

217 3790 278 3862 sibi,
292 3793 334 3852 ita
342 3793 548 3854 facetissimum
558 3795 725 3872 scriptorem
736 3803 841 3862 ament,
856 3792 964 3870 legam,
976 3803 1099 3853 tractent
1111 3804 1199 3873 atque

216 3889 348 3948 ediscant
362 3889 454 3970 (quod
468 3901 498 3947 et
511 3900 592 3947 recte
606 3899 635 3948 et
649 3890 750 3964 ordine
767 3890 804 3947 ab
817 3888 851 3947 iis
865 3888 928 3948 fieri
940 3890 1082 3950 fatemur:
1102 3910 1199 3969 neque

216 3985 291 4043 enim
306 3985 375 4044 satis
389 3985 583 4045 commendari
598 3985 704 4063 potest)
717 3996 750 4043 ut
761 4005 817 4044 nec
831 3985 915 4064 plane
931 3997 960 4044 et
977 3986 1083 4064 ubique
1097 3988 1200 4048 veteri-

105 4065 128 4126 ',
216 4079 269 4139 bus
283 4081 422 4160 probasse
442 4100 474 4140 se
495 4079 690 4140 meminerint:
712 4092 752 4153 et,
768 4083 846 4160 quod
867 4082 915 4141 hic
929 4083 1075 4162 praecipue
1089 4096 1201 4163 specta-

217 4196 288 4248 mus,
304 4178 341 4248 de
357 4176 482 4236 Horatio
497 4176 618 4256 ejusque
631 4177 706 4248 crisi,
722 4179 814 4238 miuus
832 4179 924 4239 libere
946 4181 1118 4259 loquantur:
1140 4183 1199 4242 Te.

218 4273 299 4332 rentii
308 4284 405 4333 autem
420 4273 530 4346 miram,
542 4293 578 4333 ac
585 4292 676 4352 prope
685 4273 857 4334 ineffabilem
870 4276 1072 4352 amoenitatem,
1084 4277 1201 4356 elegen.

218 4367 294 4460 tiam,
312 4370 454 4444 judicium
474 4390 511 4432 ac
532 4380 721 4445 venustatem,
740 4372 904 4454 intelligere
924 4373 1062 4452 paulatim
1077 4374 1200 4433 discant.

257 4483 330 4525 vor..
347 4486 371 4526 1.
714 4489 738 4527 u
