2917 4950
477 460 593 528 Act.
618 461 647 527 Ι.
684 462 862 529 SCENA
884 464 935 529 II.

1165 467 1232 534 336

182 641 224 708 Τ.
249 643 338 724 Quis
352 645 408 712 hic
422 648 598 735 loquiturl
619 651 707 731 hem,
722 651 792 718 tun'
805 652 862 718 hio
874 670 964 731 eras,
983 653 1031 718 mi
1046 653 1230 720 Phaedria?

183 753 277 834 Quid
290 759 347 823 hio
362 761 507 826 stobas‘t
527 779 590 827 'our
614 783 684 828 non
709 767 804 830 rocta
826 765 1016 831 introibasl
1060 762 1129 832 ΡΑ.
1153 765 1230 832 Gae-

311 873 419 935 lemm
1126 912 1130 918 ·

181 977 236 1041 De
249 979 449 1046 exclusione
463 983 604 1049 verbum
616 984 759 1051 nullum.
803 986 845 1051 Τ.
857 992 859 997 ’
870 986 963 1067 Quid
976 989 1094 1053 tacesl

182 1091 251 1155 ΡΗ.
275 1089 377 1172 Sane,
392 1095 474 1179 quie
487 1115 569 1161 vero
583 1096 638 1161 hae
651 1096 735 1161 milri
749 1101 867 1181 patent
881 1115 1014 1182 semper
1024 1098 1118 1165 fores
1132 1120 1142 1165 ε
1161 1121 1166 1128 *

181 1198 253 1267 Aut
267 1204 349 1287 quie
362 1223 438 1271 sum
452 1207 546 1290 apud
559 1212 593 1273 te
608 1210 748 1292 primus.
770 1207 812 1273 Τ.
829 1206 941 1273 Missa
950 1209 1048 1273 istaeo
1063 1208 1150 1276 fuce.
1191 1219 1232 1274 10

181 1310 251 1378 ΡΗ.
274 1312 380 1392 Quid,
394 1315 526 1383 missal
549 1318 714 1401 Oss'l'heis,
731 1317 853 1399 Thais,
867 1320 995 1390 utinam
1008 1328 1102 1387 esset
1114 1321 1196 1388 mihi
1213 1379 1216 1384 .
1312 1369 1313 1375 κ

211 1514 334 1579 Adignem
344 1515 455 1580 ΜΠ.
466 1534 488 1566 e.
501 1518 531 1566 ad
542 1519 601 1568 hano
616 1525 679 1569 tuam

180 1586 285 1635 amcam.
316 1588 384 1650 Ignis
400 1604 463 1653 sepe
473 1590 559 1640 dicitur
576 1593 607 1639 de
617 1609 680 1641 omo·

180 1660 252 1707 ribus.
263 1661 347 1723 virgil.
356 1661 407 1710 Eol.
414 1661 464 1712 ΠΙ.
473 1667 513 1714 66.
521 1679 545 1712 v.
554 1664 638 1714 Heius.
650 1667 680 1713 ad

180 1732 251 1780 Orid.
262 1734 330 1795 epist
337 1734 469 1784 meos.
480 1738 596 1786 Ceterum
608 1738 681 1786 simili

180 1806 293 1853 sententia
312 1806 370 1854 dicit
387 1809 480 1857 Petron.
500 1826 520 1858 c.
542 1815 597 1862 126.
617 1819 680 1858 tento

178 1878 241 1925 modo
255 1887 346 1943 longow
363 1896 449 1943 empus.
483 1881 536 1930 Jum
555 1893 596 1932 tuo
608 1884 680 1948 flum-

179 1949 257 2013 mr'fero
263 1953 360 1999 mentm
366 1952 518 2018 calorefldent
525 1972 549 2003 r.
557 1955 678 2018 interpret.

179 2024 210 2069 sd
221 2023 313 2085 Apulei.
326 2026 421 2074 Metam.
431 2029 464 2074 11.
477 2030 531 2077 105.
550 2031 579 2076 R
590 2029 623 2078 D.

211 2096 270 2143 Plus
278 2098 342 2162 sctis]
358 2100 379 2145 l.
391 2114 412 2145 e.
432 2101 565 2163 plusquam
576 2103 633 2150 satis
643 2103 679 2150 in·

179 2170 213 2216 ira
223 2170 272 2219 111.
289 2176 312 2218 1.
333 2175 373 2221 32.
392 2173 445 2232 plats
462 2175 543 2222 millies
557 2176 642 2224 audivi.
654 2194 678 2225 v.

179 2242 297 2305 interpret
319 2247 349 2292 ad
370 2246 452 2294 Vellei.
481 2249 574 2297 Petere.
597 2251 632 2297 Il.
654 2255 678 2298 1.

212 2394 227 2437 6
245 2390 301 2444 Quo
317 2390 353 2438 lic
363 2392 490 2457 lupuiturl]
507 2396 561 2442 Non
572 2394 679 2457 imperita

179 2461 319 2524 intelligunt,
336 2465 375 2525 qui
389 2466 523 2516 existimant
532 2469 678 2518 meretricem

179 2536 247 2583 etiem
259 2537 304 2583 lice
322 2537 439 2595 simulare,
456 2541 519 2600 quod
536 2557 581 2588 non
600 2542 679 2603 provi·

178 2608 238 2654 derit
247 2608 387 2656 Phaedriam.
420 2612 480 2659 Nam
492 2619 515 2660 et
526 2629 640 2675 personae,
655 2621 679 2661 et

179 2681 247 2729 dietis
266 2684 316 2742 ejus
337 2684 428 2730 ceteris
445 2686 489 2732 hoo
508 2689 630 2735 convenit:
655 2694 679 2735 et

178 2760 232 2799 tuno
242 2761 310 2801 erunt
320 2755 421 2815 gratiora
436 2758 520 2813 omnia,
539 2774 590 2819 qoae
609 2775 678 2821 supra

179 2825 246 2873 dixit.
264 2830 295 2876 D.

210 2898 269 2946 Tun'
277 2899 313 2946 lo'o
318 2902 395 2966 moal]
408 2903 528 2964 Optimum
537 2904 678 2966 principium

179 2973 260 3019 sumsit
266 2973 386 3021 meretrix.
402 2975 460 3022 Cum
468 2979 565 3037 reaipsa
573 2978 605 3023 sit
613 2978 678 3033 lacti,

176 3044 346 3093 adolescentem
361 3047 433 3108 coepit
443 3063 547 3109 arguere,
559 3051 622 3110 quod
633 3065 677 3096 nou

177 3117 345 3179 ingressusest.
362 3119 392 3165 E.

209 3196 226 3240 7
243 3192 292 3238 Cor
306 3208 351 3238 non
369 3200 430 3239 recto
448 3195 554 3242 introibos
561 3195 583 3257 1]
604 3196 677 3254 Quasi

177 3279 258 3324 parum
271 3263 343 3311 fuerit
362 3265 483 3312 introidos:
500 3267 557 3313 satis
568 3267 625 3314 mire
638 3270 678 3314 ad·

177 3337 250 3383 ditum
259 3344 334 3383 reeta.
348 3339 379 3383 D.

210 3410 319 3457 Ceterum
336 3410 364 3456 de
381 3411 513 3475 exclusione]
530 3412 584 3459 Hoc
594 3428 676 3460 servus

176 3481 243 3539 dicit,
254 3483 315 3544 quod
335 3484 446 3530 meretrix
462 3485 546 3531 callide
567 3486 675 3547 loquitur.

176 3554 244 3602 Dicit
252 3560 340 3602 tantum
349 3555 379 3602 de
397 3555 500 3619 injuria3
516 3557 577 3604 unde
595 3558 675 3621 (forte,

175 3627 201 3673 id
210 3627 264 3674 inde
270 3625 311 3692 Z.)
321 3628 424 3688 intelligi
440 3628 504 3684 licet,
520 3631 582 3689 quod
593 3631 630 3676 liic
640 3646 676 3677 ec·-

176 3696 295 3748 elusionem
305 3700 401 3762 posuit;
418 3701 473 3761 qnia
484 3717 565 3748 servus
583 3717 675 3749 amusa-

176 3773 233 3819 toris
244 3773 319 3820 auimo
328 3774 387 3820 dicit
398 3774 479 3821 odilla
490 3777 631 3838 supra,puod
640 3777 676 3822 in·

177 3846 287 3893 Dorceus
297 3862 342 3895 oon
351 3856 388 3893 est.
406 3848 436 3894 Ε.

208 3916 299 3981 Recto]
309 3919 405 3965 Scilicet
415 3919 462 3967 ria.
480 3920 510 3967 R.
518 3923 553 3967 D.
563 3931 566 3935 ’

208 3994 224 4037 8
235 3988 401 4038 Βεέτεὶιιςὶοπθ
409 3993 499 4039 omium
506 3992 607 4056 cunum]
618 3993 676 4039 Plus

176 4061 334 4110 admirationis
351 4071 395 4120 est,
413 4079 457 4111 uec
474 4064 622 4122 accusationi,
633 4080 676 4112 nec

174 4135 327 4183 satisfactioni
343 4137 420 4183 lecum
439 4139 562 4200 reliquisse
572 4138 677 4185 meretri·

176 4224 235 4266 cem,
243 4208 328 4256 callide
339 4209 484 4258 dissimulata
493 4211 585 4272 injuria.
615 4211 677 4265 cois

177 4280 259 4343 tucesl]
277 4283 309 4329 Et
319 4282 365 4329 hoc
381 4282 472 4339 collide,
484 4284 549 4344 quasi
565 4283 676 4330 innocens

176 4367 205 4399 ne
214 4355 344 4415 suspicetur
354 4356 456 4417 quidem,
472 4356 529 4416 quid
545 4355 620 4420 (quod
629 4357 675 4403 llis.

179 4425 271 4491 Beud.)
281 4439 417 4479 succenseat
427 4429 568 4477 adolescens.
587 4428 618 4475 D.

763 1521 915 1584 9'Snneqtsr'o
931 1535 981 1569 vtro
998 1522 1146 1588 scopendo]
1160 1522 1230 1572 'l'olls

729 1609 782 1643 sene
790 1602 815 1642 et
822 1609 881 1650 asro,
889 1601 913 1641 et
921 1593 1086 1656 pronunciandi
1097 1597 1231 1658 adjumenta

730 1667 864 1729 vultumque
875 1666 990 1716 dicentisz
1006 1674 1031 1715 et
1046 1664 1072 1714 in
1088 1667 1167 1718 vorbis
1183 1681 1230 1715 non

729 1740 830 1804 negatio,
848 1741 889 1788 sed
912 1740 1028 1787 consessio
1049 1756 1100 1788 esse
1122 1741 1230 1788 credatur

728 1813 817 1880 (locum
835 1814 941 1861 scabrum
959 1828 1005 1875 ope
1023 1815 1070 1862 Ms.
1082 1813 1116 1860 Η.
1132 1819 1157 1860 et
1173 1815 1227 1861 edd.

730 1893 787 1934 vett.
795 1886 828 1934 ita
836 1885 1002 1933 restituendum
1009 1892 1081 1946 puto:
1092 1885 1227 1951 tollereris.

729 1957 762 2006 Et
771 1973 840 2007 raso
851 1957 882 2005 ad
889 1958 1056 2019 pronunciandi
1066 1958 1229 2020 ocly‘omentsun,

728 2031 858 2092 vultumque
872 2030 967 2077 dionis
986 2030 1077 2077 illatum
1095 2038 1141 2077 est:
1156 2038 1184 2077 ut
1203 2032 1230 2077 itt

728 2103 797 2150 omlis
807 2113 852 2149 oon
862 2103 959 2165 negotio,
966 2104 1003 2149 ard
1020 2118 1061 2149 eoo
1072 2103 1123 2149 esaie
1133 2116 1174 2150 csse
1184 2116 1231 2149 crs·

728 2174 821 2236 mr).
848 2174 909 2220 Nam
919 2189 977 2231 cero,
985 2173 1066 2222 ironiae
1077 2174 1192 2222 convenit.
1203 2181 1230 2221 ut

728 2247 812 2308 Virgil.
821 2246 875 2294 AEn.
885 2247 928 2293 lv.
939 2249 978 2296 93.
995 2249 1106 2311 egregium
1118 2263 1168 2295 uero
1180 2248 1231 2295 lou·

727 2322 778 2367 dem
787 2328 809 2366 et
818 2320 887 2381 spolie
895 2320 971 2379 amplo
985 2318 1083 2383 refertis.
1100 2320 1132 2365 D.

760 2392 818 2439 Seue
836 2392 889 2453 puio
905 2390 949 2454 lor]
966 2390 1094 2439 Accusatio
1108 2392 1147 2439 hio
1160 2391 1230 2441 sumit

728 2463 868 2522 exordium3
884 2463 947 2525 quod
965 2470 1050 2527 quanto
1065 2463 1140 2530 (forte
1150 2481 1231 2529 magno

728 2536 769 2602 Z.)
786 2543 966 2598 temperamento
984 2537 1140 2585 dictumest:
1166 2541 1230 2599 quod

728 2627 775 2659 uon
796 2626 886 2673 semper
905 2612 966 2658 iores
985 2610 1115 2657 meretricis
1133 2613 1230 2658 amatori

727 2675 835 2745 pateant:
853 2684 916 2745 quod
926 2683 1006 2730 rivalis
1017 2682 1062 2729 sibi
1071 2678 1228 2744 praeponatur.

728 2757 782 2803 Hoc
791 2756 853 2803 enim
863 2755 938 2802 dixit:
956 2756 1010 2816 quio
1021 2757 1139 2816 mmopud
1149 2764 1172 2802 te
1179 2758 1228 2817 pri·

726 2844 783 2876 mus.
815 2829 847 2875 Et
868 2844 920 2875 cum
939 2829 1049 2875 meretrix
1073 2827 1230 2876 dissimularet

727 2906 801 2946 totum
809 2901 929 2962 impeturn,
944 2916 1024 2948 rursus
1041 2900 1176 2948 adolescens
1190 2918 1228 2949 ac-

727 2972 958 3020 cusationeseffudit.
977 2974 1006 3020 E.
1043 3010 1050 3016 .

760 3049 792 3091 10
808 3045 857 3092 Aut
875 3048 929 3106 quio
943 3061 992 3092 mm
1010 3047 1073 3107 oprsd
1096 3040 1229 3111 te'pn‘mus]

727 3120 782 3164 Duo
792 3119 854 3165 dixit
863 3134 914 3180 quae
930 3116 1023 3166 doleat:
1041 3127 1066 3166 et
1079 3120 1134 3180 quia
1142 3120 1229 3167 clause

726 3193 797 3249 iores,
817 3198 841 3238 et
855 3192 909 3253 quir
920 3193 1036 3253 posterior
1050 3193 1159 3249 habetur,
1170 3209 1228 3254 prse-

726 3263 775 3310 lato
783 3263 866 3310 milite.
900 3264 948 3310 Aut
959 3266 1012 3325 quio
1022 3280 1071 3312 sum
1080 3267 1142 3325 apud
1150 3274 1171 3312 te
1180 3267 1229 3326 pri-

725 3336 786 3399 mus]
807 3337 958 3392 Subauditur,
977 3353 1022 3384 oon
1045 3345 1107 3385 recto
1125 3330 1227 3385 introivi.

726 3408 796 3454 Missa
806 3407 936 3472 idoecfuce]
953 3410 1007 3456 Alia
1023 3409 1186 3465 dissimulatio,
1203 3418 1227 3457 et

725 3481 805 3526 dorion
815 3488 870 3541 post
880 3481 1068 3528 admonitionem:
1099 3480 1148 3527 Sed
1170 3484 1228 3529 beue

724 3552 842 3614 intelligit,
858 3554 898 3615 qui
917 3553 962 3600 hoc
979 3552 1126 3601 ameretrice
1136 3554 1227 3602 ridente

725 3617 833 3683 molliter,
853 3634 877 3673 et
899 3627 1006 3672 osculnm
1024 3626 1157 3687 porrigente
1179 3627 1227 3675 dici

725 3698 817 3762 accipit.
835 3700 866 3746 D.

759 3772 828 3832 Apud
846 3780 867 3819 te
886 3772 983 3836 primos]
1004 3773 1025 3819 1.
1043 3788 1064 3820 e.
1085 3773 1227 3834 precipuus,

726 3856 796 3904 quem
806 3844 911 3891 omnibus
919 3845 1048 3906 anteponis,
1054 3851 1080 3892 ut
1087 3845 1145 3894 infra
1152 3862 1176 3895 r.
1185 3850 1226 3895 71.

726 3916 838 3977 loquitur,
848 3917 941 3977 priores
951 3923 1030 3977 partes
1040 3918 1117 3965 habet
1128 3919 1160 3965 R.
1170 3922 1202 3966 D.

759 3994 790 4035 11
805 3990 867 4045 Quid
881 3989 978 4052 miset}
989 3992 1076 4052 Magus
1086 3991 1162 4039 virtus
1172 4008 1229 4053 poe·

726 4068 757 4109 tm
774 4069 818 4118 est,
834 4077 880 4109 non
898 4062 1023 4110 sententias
1041 4063 1116 4111 solum
1132 4065 1163 4110 de
1174 4079 1229 4111 con-

727 4135 849 4183 suetudine
861 4151 889 4182 ac
903 4137 934 4183 de
950 4136 1029 4184 medic
1045 4138 1135 4193 tollere,
1154 4143 1178 4183 et
1187 4154 1229 4202 pc·

726 4224 781 4256 nere
792 4209 816 4255 in
834 4209 963 4257 comeda:
980 4227 1061 4259 verum
1078 4211 1147 4257 etiem
1156 4212 1229 4276 rerlrs

726 4282 831 4342 quaedam
851 4298 879 4329 ex
897 4283 1013 4330 communi
1023 4292 1127 4331 sermone
1136 4298 1144 4342 3
1160 4284 1228 4344 quale

726 4355 834 4416 estquod
844 4355 877 4401 ait
887 4370 956 4411 nunc,
966 4356 1020 4417 qotd
1031 4355 1112 4403 mosot
1127 4352 1160 4402 De

760 4425 864 4484 Ollzais,
877 4425 955 4490 Duco]
973 4424 1179 4476 iteretio'uominis
1189 4440 1226 4474 ao·
