2917 4950
442 398 558 466 AGT.
582 398 647 466 lv.
673 396 855 467 SUEM
888 401 938 467 11.
1156 406 1222 472 eut

174 583 261 661 nec
277 599 320 648 ne
334 581 473 650 cese
488 555 727 669 &neusse
749 585 964 654 enum
977 587 1070 666 coe,

174 693 303 758 Saltem
318 693 385 760 hoc
406 696 544 762 licebit:
566 702 656 764 certe
669 702 823 765 extreme
835 700 929 765 lines
1027 757 1029 760 .

173 805 300 872 Amare
322 806 1049 896 beudnibilestvillmmeteseeseiens.

71 975 74 988 .
175 917 244 983 Sed
258 919 340 1002 quid
354 920 434 1000 hoc,
450 921 543 1005 quod
558 922 678 1005 timida
691 923 806 989 subito
821 921 991 1005 egmffitur
1005 920 1171 1007 Pytlniest

416 1291 550 1370 Ac'r.
577 1294 648 1372 IV.
685 1293 893 1373 SCENA
920 1295 997 1373 ΙΙΙ.

450 1469 604 1522 PYTHIAS.
621 1471 791 1522 PnAEnule
809 1473 941 1522 nomes.

219 1582 305 1649 UBI
316 1604 385 1668 ego
396 1583 495 1651 illum
510 1590 730 1668 scelerosum,
748 1589 886 1668 misere,
900 1594 1003 1674 utque
1016 1590 1162 1676 impium
1176 1593 1226 1657 in·

306 1698 466 1764 veniumt
480 1707 541 1766 aut
555 1703 615 1768 ubi
629 1702 807 1786 quaerum?

208 1900 239 1943 11
260 1893 316 1954 neo,
336 1914 365 1944 ue
382 1899 473 1946 videndi
493 1903 581 1965 quidem
601 1899 674 1965 erut]

175 1965 233 2026 Eho,
250 1969 347 2016 ridicule
363 1970 481 2017 additum:
502 1981 611 2033 tanquam
628 1990 676 2021 om·

173 2039 230 2088 uiuo
241 2055 288 2088 non
299 2056 377 2089 secum
388 2043 505 2104 loquatur,
522 2046 563 2092 sed
579 2063 631 2093 cum
644 2046 677 2093 el·

174 2121 233 2160 tero
266 2113 677 2173 Stilluduenlicet,scltemltcciice·

174 2186 218 2250 ee]
230 2187 295 2234 Bene
305 2187 342 2233 bis
350 2187 439 2236 dictum
447 2189 505 2244 licet,
516 2190 602 2236 licebit:
611 2190 677 2252 quasi

175 2260 206 2306 de
222 2275 248 2307 re
264 2276 347 2322 magua
366 2257 481 2324 loquuturi
515 2263 600 2310 Totum
619 2255 677 2327 er'go

175 2333 295 2380 amatorie.
312 2334 344 2380 D.

205 2409 238 2454 12
257 2405 435 2455 Certeeetremec
447 2407 519 2471 tinen]
536 2407 679 2457 Etbccrec·

174 2486 197 2526 te
205 2495 212 2525 z
222 2478 278 2540 quie
286 2480 385 2542 quinque
393 2480 460 2529 liueae
469 2484 579 2544 perfecte
588 2484 679 2530 suntad

153 2557 155 2561 '
176 2566 291 2599 amorem:
303 2553 386 2614 prima,
393 2554 472 2616 visus3
483 2557 591 2612 secunde,
600 2555 679 2616 loqui3

176 2625 253 2681 tertie,
263 2631 339 2671 tactus
349 2642 356 2683 5
365 2635 455 2686 quartu,
466 2628 580 2686 osculuri5
591 2627 680 2688 quinta,

176 2699 260 2746 coitus.
275 2699 682 2762 Ausicdixiteetremcltuec,quem·

177 2773 301 2819 admodum
310 2772 397 2820 dicitur
405 2774 475 2836 longis
482 2773 682 2838 liceisqcidficti?

177 2846 203 2892 i'd
214 2853 258 2903 est,
267 2845 297 2891 de
306 2844 439 2905 longinquo.
451 2848 481 2893 D.

211 2917 318 2965 Eztrm
330 2917 400 2979 linea]
417 2917 525 2979 Quinque
542 2918 610 2965 liueae
630 2934 682 2966 esse

179 2991 289 3039 dicuutur
314 2991 414 3036 amoris:
441 2991 531 3047 videre,
560 2993 681 3048 accedere,

180 3064 291 3125 colloqui,
303 3062 411 3119 osculari,
424 3065 584 3111 corwumbere.
602 3064 682 3111 Veluti

179 3137 241 3184 enim
257 3143 396 3198 postremum
418 3136 521 3184 diximus
541 3153 590 3183 rem
612 3145 681 3198 utque

180 3227 258 3268 mum,
268 3211 333 3271 prior
341 3211 367 3257 fit
376 3217 496 3270 postrema
506 3211 555 3267 illa,
564 3226 632 3273 qnam
639 3227 682 3258 nos

180 3284 359 3331 collocavimus:
371 3282 452 3328 videre
463 3281 561 3329 scilicet.
579 3284 643 3345 Ergo
649 3283 683 3329 its

180 3356 312 3405 concludit:
324 3359 342 3402 st
353 3370 397 3401 nou
407 3356 518 3416 tangendi
525 3352 683 3416 estccpiasnec

180 3426 432 3490 videndiquippeeiiti
454 3427 483 3472 Β.

214 3498 319 3547 Fctremu
330 3497 401 3560 linea]
417 3497 506 3546 Charis.
518 3498 606 3549 uun.
625 3501 655 3546 h.

215 3570 321 3620 merem
333 3573 393 3618 linea
401 3585 540 3618 amurelesse
556 3571 606 3617 selo
617 3572 684 3635 puel·

181 3647 220 3702 le,
237 3661 306 3705 quam
321 3659 392 3700 emus,
411 3650 506 3704 aspectu
525 3644 580 3701 lrui,
591 3658 643 3690 cum
654 3659 684 3691 ex

181 3715 227 3766 hoo
238 3718 292 3765 loco
302 3724 375 3778 putet,
383 3723 433 3763 tum
444 3732 474 3763 ex
484 3717 578 3763 Lutatio
586 3717 616 3763 ad
625 3718 684 3764 stat.

182 3790 258 3839 Theb.
269 3790 319 3837 ΙΙΙ.
329 3793 385 3839 283.
394 3789 435 3836 ubi
446 3794 482 3834 est
491 3804 496 3834 ε
506 3789 605 3850 puellum
614 3798 685 3836 entre·

183 3866 311 3911 cucumeris
321 3863 382 3910 linea
389 3862 492 3924 diligens,
502 3864 555 3909 sutis
561 3863 635 3909 celero
643 3862 686 3909 sole

726 1918 788 1965 gere.
807 1903 893 1950 Donet.
910 1903 1020 1949 observat
1034 1907 1124 1948 veteres
1138 1897 1229 1950 dixisse

727 1976 798 2039 leugis
807 1974 871 2022 lineis
879 1973 993 2037 quidfieri
1008 1975 1070 2034 quod
1080 1974 1106 2020 lit
1116 1991 1129 2021 e
1140 1974 1231 2036 lougiu-

725 2061 781 2112 quu.
796 2048 877 2095 Veler.
887 2047 985 2095 Maxim.
996 2048 1019 2094 1.
1029 2049 1054 2096 7.
1061 2052 1084 2096 8.
1094 2045 1232 2110 Metepbore

726 2121 797 2168 ducta
807 2137 821 2167 a
830 2119 899 2168 lineis
910 2119 989 2176 stadii,
998 2119 1022 2167 in
1031 2120 1115 2182 quibus
1123 2137 1232 2173 cursores

725 2193 865 2241 insistebant
883 2200 910 2241 ut
927 2209 957 2240 ex
975 2207 1041 2253 seque
1061 2204 1232 2255 percurrerent.
1309 2231 1311 2235 -

727 2268 776 2314 Sed
792 2267 832 2314 aiii
847 2266 939 2313 uliuude
956 2266 1113 2325 metaphoram
1124 2275 1233 2329 repetunt

727 2354 753 2386 v.
765 2339 860 2387 Salmas.
871 2339 895 2385 in
904 2337 1025 2385 exercitet
1034 2338 1134 2388 Plinian.
1141 2356 1165 2401 p.
1175 2343 1232 2390 648.

728 2418 753 2458 el
759 2411 844 2458 Heius.
855 2410 1051 2459 scot-iusum.
1065 2412 1133 2473 Eleg.
1144 2414 1193 2462 111.
1207 2417 1231 2462 2.
1286 2471 1288 2480 ¹

762 2559 795 2604 13
811 2555 902 2611 Amore,
923 2553 1064 2602 tuncnihil
1083 2557 1126 2620 est]
1149 2558 1251 2608 Amore

729 2629 799 2677 modo
807 2627 854 2674 frui
861 2643 939 2674 umore
950 2627 1016 2674 dicit.
1028 2627 1127 2675 Plautus
1137 2629 1162 2676 in
1174 2634 1234 2680 Bac·

729 2700 847 2756 cbidibus,
853 2699 960 2762 priusiic
968 2702 1044 2756 edero,
1057 2709 1234 2763 quumteumcre

729 2773 827 2820 (leonum
839 2779 862 2821 1.
874 2775 897 2819 t.
910 2775 949 2819 67.
958 2775 997 2829 Et,
1004 2774 1051 2820 cine
1060 2781 1081 2819 te
1091 2788 1170 2823 amem.
1186 2777 1233 2825 Vll·

730 2845 775 2891 lum
798 2852 901 2906 pretereo
919 2846 999 2910 edens]
1024 2844 1106 2893 Sciens
1128 2849 1233 2911 quidem,

730 2918 823 2963 sednon
832 2918 909 2964 minus
919 2926 1017 2975 emulor,
1025 2934 1094 2980 quam
1105 2922 1178 2981 prius.
1199 2925 1231 2971 D.

763 2990 795 3037 14
811 2989 853 3037 Sed
864 2991 918 3052 quid
932 2989 980 3046 hcc,
999 2992 1057 3053 quod
1074 2994 1154 3042 timide
1165 2997 1236 3046 subeo

729 3062 846 3126 egreditur
855 3061 976 3127 Pythius]
994 3064 1033 3111 Ex
1043 3063 1080 3111 his
1089 3067 1166 3114 verbis
1180 3084 1235 3130 per·

732 3149 788 3182 sona
796 3135 820 3181 in
831 3151 925 3183 scenam
935 3135 1038 3193 veniens,
1050 3145 1075 3183 et
1082 3138 1187 3188 locuturo
1194 3145 1235 3191 de·

731 3207 846 3254 scribitur.
868 3211 907 3263 Et,
919 3209 1008 3265 timide,
1019 3210 1089 3256 modo
1103 3227 1174 3274 aegru,
1184 3222 1233 3264 tur.

731 3280 921 3337 betu,commuta.
939 3278 1047 3337 Plautus,
1055 3297 1236 3336 maeumecma»

732 3355 763 3409 ri,
771 3353 857 3400 timide.
874 3354 953 3400 Etbic
965 3354 1024 3414 ipse,
1034 3370 1132 3413 onorem,
1151 3359 1235 3422 inquit,

734 3426 891 3473 Philumenam
900 3429 1010 3488 pavitare,
1021 3430 1091 3475 eleccio
1102 3432 1164 3491 quid,
1174 3434 1235 3481 dine-

719 3486 795 3545 'mec
823 3499 941 3547 'limidum
960 3499 1022 3546 uliud
1041 3502 1153 3559 naturale,
1173 3505 1237 3555 eliud

733 3580 819 3619 eventu
827 3578 875 3619 est:
888 3579 914 3619 ut
925 3573 1051 3634 Virg.1⁴lcl.
1062 3575 1105 3622 Vl.
1115 3577 1154 3622 20.
1170 3579 1236 3627 addit

733 3659 755 3691 se
768 3646 856 3700 coctum
875 3645 1000 3708 timidisque
1015 3650 1142 3708 superuenit
1160 3650 1236 3716 AEgle.

735 3720 781 3837 Di
801 3790 847 3839 Ubi
857 3802 896 3856 egb
906 3790 985 3854 ilium]
1001 3794 1032 3840 In
1044 3793 1086 3841 heo
1100 3809 1171 3843 scena
1180 3802 1237 3859 ope-

734 3879 767 3910 rse
776 3863 875 3926 prelium
887 3865 1048 3913 delectationis
1056 3871 1094 3914 est
1104 3867 1120 3931 (
1121 3868 1238 3919 delectatio

176 3934 282 4002 vinciebat
291 3943 388 3997 aspectu.
406 3935 476 3982 Unde
485 3950 542 3983 vero
553 3935 605 3981 baec
613 3941 685 3982 meta-
735 3943 775 3993 est,
785 3952 832 3998 que
841 3936 915 3984 mitur
923 3937 961 4001 Z.)
971 3940 1139 3999 spectatoribus
1144 3957 1174 3989 ex
1182 3960 1240 4005 que·

183 4011 258 4073 pbors
274 4010 306 4055 sit
322 4009 400 4064 ductu,
425 4020 472 4054 non
495 4007 551 4055 satis
570 4007 685 4055 convenit
734 4009 783 4056 relu
793 4009 884 4056 ancillae
893 4011 995 4068 Thaidis,
1003 4020 1071 4073 etque
1081 4031 1160 4062 errore
1168 4016 1238 4064 Plue-

184 4078 256 4130 Forte
266 4082 296 4128 ud
307 4080 442 4144 popularem
459 4078 571 4128 rationem
589 4079 686 4142 propius
735 4082 800 4129 urie.
820 4080 998 4149 Ueiegotttem]
1016 4087 1070 4133 Hoc
1081 4087 1148 4134 initio
1159 4095 1238 4137 osten·

185 4156 308 4210 accedunt,
324 4154 405 4215 quide
419 4153 544 4219 lines'albs
556 4154 630 4211 circo,
644 4168 686 4202 seu
735 4154 807 4211 ditur,
826 4160 933 4217 tauquam
950 4166 1128 4219 persequentem
1146 4160 1238 4222 fugien-

187 4229 259 4287 eelce,
268 4227 381 4290 originem
390 4229 487 4275 ducunt.
502 4228 530 4275 Z.
733 4222 792 4285 tem,
808 4244 956 4291 progressam
972 4246 1023 4283 esse
1038 4247 1170 4295 personum.
1186 4233 1258 4282 δον·

188 4360 190 4367 ¹
219 4302 324 4350 Extrema
335 4303 394 4350 lines
402 4302 489 4368 umere]
506 4301 527 4348 1.
540 4316 561 4349 e.
573 4317 586 4350 e
596 4300 687 4364 lougiu·
736 4301 840 4366 iecorum]
857 4302 978 4352 Scelerocus
988 4313 1025 4353 est
1035 4306 1174 4356 mutorum:
1192 4320 1239 4356 sce·

186 4393 232 4439 quo
242 4392 328 4434 emere,
342 4375 462 4426 uouadirc
476 4375 575 4426 emicem
585 4377 626 4427 eut
636 4383 686 4425 ten·
736 4374 850 4427 leuterici
861 4379 937 4428 unius.
953 4378 1237 4443 Sceleimprepriesuc·
