2917 4950
581 440 921 506 auratarum
1144 440 1254 507 lxxxix

252 622 347 692 acturi
358 624 470 690 manici
483 626 692 705 esssut'qusm
703 624 828 690 'omnino
849 622 1063 706 spectatoribus
1077 621 1149 706 ipsit
1167 630 1254 690 mter

254 726 367 789 cedens
387 724 503 786 titulus'
514 724 765 807 pronunciantur.
804 722 957 803 Agebatur
971 732 1073 784 autem
1090 722 1164 786 tibist
1175 724 1252 804 pari·

134 819 140 832 ⁴
252 827 317 897 bus,
331 823 573 904 autimparibus3
592 831 625 884 et
644 821 765 893 dextris,
784 831 836 881 aut
849 820 984 882 emistris.
1022 820 1255 898 Dertrcsutern‘

253 921 332 985 tibin
356 923 412 988 sna
431 919 576 1000 gravitate
597 918 710 980 seriam
726 916 879 979 comedin
896 915 1056 980 dictionem
1075 917 1253 998 pronumtia-

253 1013 801 1078 bantzdr'nirtroeetrermoeacuminis
815 1013 1092 1092 lenmmjocnmin
1110 1015 1256 1078 ootuoedh

187 1099 189 1102 ⁵
253 1113 447 1192 ostendebat
466 1111 529 1174 Ubi
542 1111 773 1196 autemdsxtrs,
786 1108 1255 1173 etsinistmactafabulainscri·

253 1212 388 1282 bebatur,
401 1208 509 1270 mistim
514 1207 578 1286 joci
588 1218 620 1270 et
632 1208 792 1289 gravitates
803 1208 1066 1271 denuntiabantur.
1073 1231 1081 1240 ··
1099 1209 1187 1274 Missi
1197 1219 1253 1269 aut

252 1295 354 1381 Ludii,
365 1308 436 1367 dum
444 1307 583 1387 agebant,
593 1306 782 1368 assumebant
790 1304 878 1387 capiti
887 1324 1038 1388 personas,
1049 1306 1107 1365 hoc
1118 1314 1172 1380 est,
1181 1323 1253 1366 con·
1288 1366 1291 1372 ,

249 1405 338 1467 fictas
351 1405 495 1466 rarimum
507 1421 697 1484 personarum
713 1400 822 1465 lanima
842 1402 891 1466 vel
909 1402 1033 1464 reticulo
1048 1402 1141 1463 denso
1160 1401 1252 1465 iacies

253 1503 437 1575 obvelabant,
447 1520 487 1563 ne
499 1509 742 1581 agnoscerentur.
762 1499 811 1561 lta
824 1500 914 1561 etiam
924 1498 1048 1561 instituti
1060 1510 1146 1561 erant
1154 1499 1255 1577 hunus·
1344 1559 1347 1563 .

252 1601 333 1664 modi
347 1600 518 1673 histriones,
531 1609 583 1659 aut
595 1596 686 1668 mimi,
700 1608 735 1658 ut
748 1608 779 1656 et
801 1597 929 1680 corporis
948 1606 1043 1660 motus
1056 1597 1197 1658 decentes
1204 1597 1254 1663 ¹fa·

253 1701 375 1758 cerent:
390 1696 517 1778 denique
527 1696 615 1756 ctiam
625 1703 729 1756 cantus
740 1713 776 1753 ac
789 1693 966 1773 prolationes
976 1694 1138 1756 secundum
1148 1677 1253 1757 modos

252 1794 353 1854 edocti
366 1803 457 1866 erant,
473 1779 538 1874 quta
551 1791 657 1864 mirum
669 1789 701 1849 id
714 1790 835 1876 niodum
844 1789 987 1870 populum
996 1788 1172 1851 afficiebant.
1208 1789 1253 1851 Hl

253 1889 337 1950 mmul
353 1889 448 1951 coacti
459 1889 489 1949 in
503 1909 621 1969 quoque
635 1907 756 1968 genere,
767 1896 819 1948 aut
827 1896 989 1960 canantes,
997 1888 1192 1950 autsaltantes
1200 1889 1254 1974 spi

250 1977 436 2068 pellabantur
454 1987 572 2047 chorus:
592 1984 675 2045 divisi
695 1985 725 2045 in
748 1987 821 2047 duas
839 1995 949 2068 partes,
966 1979 1133 2060 smnicloriu,
1145 1986 1176 2046 in
1188 1990 1253 2048 'ac-

254 2073 335 2145 tione
360 2096 460 2145 autem
477 2084 641 2156 comoediae,
663 2103 765 2146 eorum
786 2082 874 2164 aliqui
894 2081 1002 2164 primas
1020 2094 1129 2165 partes,
1143 2084 1193 2144 alii
1205 2087 1253 2147 se·'

252 2181 363 2243 condas
370 2192 471 2243 tenere
482 2180 662 2253 dicebantur,
671 2199 725 2260 pro
735 2180 821 2241 variis
833 2191 952 2241 actuum
960 2179 1139 2257 rationibus:
1151 2200 1254 2268 eorum

166 2285 169 2288 ’
253 2279 331 2339 enim
355 2280 404 2340 alii
425 2281 580 2361 prologum
601 2277 819 2351 dicetensem
838 2277 868 2336 iu
888 2276 1020 2349 nuncios,
1040 2277 1253 2359 exploratores,

254 2378 402 2451 custodes,
425 2398 537 2452 servos,
558 2377 674 2450 heroas,
688 2373 778 2449 deos,
793 2393 888 2446 senes,
908 2384 1062 2447 amatores,
1081 2376 1256 2462 meretrices

254 2475 466 2548 dividebantur,
481 2493 686 2557 personasque
698 2471 729 2533 in
746 2469 897 2537 orchestra
913 2472 1106 2547 assumebant,
1128 2493 1181 2554 pro
1198 2480 1253 2539 suu

253 2573 372 2634 actione
386 2591 422 2634 ac
435 2573 515 2633 ludo.
1065 2578 1069 2583 ’
1248 2570 1251 2583 '

470 2706 631 2786 Apparatus
642 2726 727 2767 scene
739 2706 769 2767 ia
781 2707 848 2769 uicis
860 2714 887 2767 et
898 2706 1021 2767 theatris.
1076 2672 1082 2691 ‚

293 2839 497 2921 Apparebatur
515 2857 604 2900 scena
621 2837 701 2918 apud
720 2839 852 2919 antiquos
871 2839 993 2900 Graecos
1010 2838 1040 2898 in
1057 2837 1144 2920 agris,
1158 2820 1252 2901 verno

250 2948 396 3017 tempore,
411 2955 479 2997 cum
492 2934 621 2994 aedificiis
636 2945 667 2994 et
679 2934 903 2996 habitationibus
916 2934 1088 3015 triplicibus,
1101 2936 1253 2997 instructis

253 3035 436 3106 culminibus,
446 3031 691 3114 peripetasmatis,
701 3032 856 3113 tapetibus,
867 3031 1020 3112 linteisque
1031 3033 1175 3094 candidis.
1190 3035 1254 3094 Ad-

254 3132 326 3193 ditae
339 3142 445 3211 postea
461 3141 599 3190 sonantes
619 3129 729 3210 pelves,
740 3129 883 3210 ignesque
897 3128 1030 3190 manibus
1044 3130 1181 3192 excussir
1202 3148 1254 3192 ca·

254 3248 354 3289 vernoe
368 3246 486 3309 quoque
499 3215 698 3288 subterraneae
716 3245 753 3287 ac
773 3226 853 3306 putei
872 3224 1131 3313 confingebanturr
1150 3212 1253 3308 liguris

252 3323 353 3398 maris,
366 3323 492 3396 Tartari,
506 3322 668 3397 fulminum,
676 3322 860 3397 tronitruum‚
873 3323 976 3396 noctis,
991 3324 1144 3411 coeli,‹liei,
1156 3326 1274 3404 regia-¹

253 3444 329 3496 rum,
343 3422 554 3503 praetoriorum,
565 3421 701 3502 ingentes
715 3421 802 3494 aulae,
811 3419 940 3481 fornices
953 3420 993 3480 sd
1003 3419 1114 3480 viarum
1122 3420 1254 3481 similituss

253 3520 362 3581 dinem.
403 3518 497 3599 Apud
511 3518 661 3579 Romanos
674 3520 761 3580 calca
772 3518 804 3578 in
816 3536 907 3578 scena
914 3517 1040 3598 primum
1048 3512 1253 3603 sternebantur

256 3636 347 3697 quum
364 3614 488 3697 primum
503 3615 606 3696 pictus·
617 3614 668 3676 ille
680 3625 807 3697 ⁵ornatus
822 3633 861 3675 ex
876 3614 1008 3675 Attalica
1025 3615 1108 3694 regia
1126 3616 1254 3677 Romam

252 3713 383 3794 perlatus
395 3711 463 3785 suit,
477 3712 688 3791 velabaturque
701 3711 766 3792 ipsa
784 3730 874 3772 scena
886 3710 1006 3788 ripariis,
1020 3731 1088 3792 quoe
1110 3712 1253 3792 posterior

253 3823 327 3872 aetas
340 3830 395 3889 pro
404 3809 497 3870 auleis
507 3808 617 3880 sumat,
632 3818 665 3867 ut
678 3808 768 3868 etiam
782 3808 887 3889 siparia
899 3806 979 3866 humi
991 3817 1145 3870 sterneret.
1180 3809 1255 3871 Erat

252 3920 402 3990 praterea
417 3905 516 3967 velum
536 3904 682 3969 minutum
699 3904 781 3984 quod
797 3905 907 3986 populo
925 3904 1085 3966 opertebat
1104 3906 1135 3966 in
1151 3928 1253 3985 scena,

252 4006 325 4065 dum
345 4015 428 4065 actus
442 4003 712 4064 commutabantur.v
743 4003 781 4062 In
794 4002 862 4062 unm
878 4002 903 4062 si
925 4001 1016 4061 fiebat
1028 4020 1128 4076 scena,
1143 4004 1253 4067 arbori·¹

253 4104 311 4163 bus
321 4102 352 4161 in
365 4121 398 4161 se
413 4099 587 4162 cubantibus
596 4118 632 4159 ac
645 4098 764 4160 reflexis
775 4099 1024 4177 componebatur:
1047 4101 1130 4180 quasi
1144 4118 1253 4164 conca.

253 4210 368 4261 morata
377 4197 512 4279 quasdam
523 4195 665 4267 densatio,
675 4207 709 4255 ut
721 4195 930 4275 subterpositos
941 4207 1045 4277 tegere
1055 4216 1164 4281 posset,
1175 4198 1253 4262 un'de

255 4298 293 4359 ab
305 4295 521 4357 inumbrationc
532 4282 630 4358 dicta.v
649 4294 687 4354 In
700 4294 808 4356 theatro
819 4303 917 4357 autem
931 4297 976 4376 (ut
990 4298 1056 4387 jam⁴
1072 4297 1184 4362 dictum
1190 4288 1251 4378 bat)

298 4411 374 4455 vor..
389 4411 412 4455 r.
741 4408 768 4451 ur
1055 4400 1059 4416 ‘
