2917 4950
295 1195 508 1259 IDIOMATA
536 1193 836 1260 PERSONARUM
864 1192 1199 1257 PRAECIPUARUM.

268 1490 352 1563 Simo,
375 1491 441 1571 pius
463 1490 495 1549 in
517 1489 617 1563 lilium,
641 1490 696 1551 sed
718 1502 823 1550 ustura
841 1488 1049 1551 vehementior.
1101 1490 1269 1567 Pamphilus,

228 1593 293 1675 pius
304 1595 336 1654 in
354 1605 478 1677 patrem,
499 1595 552 1654 sed
564 1593 689 1654 fideliter
702 1613 813 1668 amans,
835 1606 867 1656 et
890 1594 1027 1655 cordatus
1040 1605 1073 1654 ut
1087 1594 1270 1670 adolescens.

229 1698 338 1771 Dauus,
358 1699 448 1771 vafer,
462 1718 499 1758 ac
512 1698 573 1777 spei
591 1698 756 1779 pertinacis.
799 1698 942 1770 Charinus,
966 1697 1099 1777 simplex,
1113 1718 1149 1760 ac
1162 1698 1269 1760 nullius

229 1804 348 1865 consilii.
376 1805 504 1882 Bpsrlsiu,
519 1804 606 1865 Davo
620 1803 834 1876 dissimillimus,
848 1802 1022 1884 desperandi
1035 1813 1147 1864 auctor.
1180 1804 1268 1877 Crito,

229 1931 351 1992 pauper,
377 1900 430 1971 sed
458 1911 495 1970 ob
523 1893 872 1989 probitatemimpat‘ieus
899 1893 1093 1970 contumelise.
1134 1909 1268 1980 Chremes,

229 2014 295 2096 pius
311 2015 343 2074 in
357 2013 455 2085 filium,
479 2013 586 2094 alioqui
608 2011 734 2074 Simonis
747 2013 960 2087 dissimillimus,
979 2014 1097 2093 ingenio
1116 2013 1218 2075 sedsto
1239 2024 1271 2075 et

230 2118 356 2199 placido,
372 2138 549 2199 componens
562 2118 667 2180 omnia.
708 2118 809 2198 Mysis,
831 2120 937 2181 callida
950 2130 980 2180 et
993 2120 1073 2180 hesse
1086 2139 1193 2180 amans.

613 2413 614 2416 Ἴ
648 2341 859 2401 -4-4

563 2532 698 2638 euim
720 2572 944 2638 uoussuuu.
987 2547 990 2553 ’

276 2871 350 2931 Sisno
375 2871 470 2932 dietus
491 2883 536 2933 est
557 2890 576 2932 s
601 2873 710 2952 specie.
753 2872 824 2934 simi
850 2875 927 2935 enim
953 2876 1016 2938 fere
1037 2888 1105 2937 sunt
1130 2879 1274 2942 iracundi.

178 2983 181 2990 '
238 2974 371 3049 cuano,
393 2981 469 3057 παρὰ
482 2977 513 3036 τὸ
527 2982 690 3057 γρέμπτειν,
714 2978 793 3058 qood
805 2999 890 3042 senes
903 2981 975 3042 tussi
987 2994 1150 3063 expurgent
1161 2997 1274 3065 peetus.

237 3073 396 3158 Pamphilus
421 3099 440 3140 e
464 3080 546 3141 fideli
572 3101 679 3144 amore.
743 3084 876 3145 Charinus
906 3088 1151 3149 abenevolentia
1177 3092 1275 3153 animi.

237 3187 341 3260 Sosius,
369 3187 448 3268 quod
470 3198 599 3249 seruatus
622 3189 653 3247 in
678 3191 767 3251 bello.
815 3191 915 3251 Domo
938 3212 957 3253 a
978 3195 1079 3274 patria,
1115 3196 1218 3276 opinor
1245 3210 1276 3257 et

237 3292 366 3370 Byrrls'a,
392 3292 467 3352 sicut
479 3303 511 3352 et
528 3292 627 3369 Mysis.
670 3295 747 3357 Nam
763 3297 853 3377 Mysi,
875 3301 1118 3377 quemadmodum
1131 3303 1276 3384 Phryges,

236 3397 340 3461 servile
367 3418 460 3477 genus
476 3411 548 3459 erat.
601 3399 757 3478 Glycerium
780 3423 798 3462 a
820 3403 975 3483 voluptate.
1017 3407 1115 3468 Lesbio
1137 3411 1275 3490 epatris.

239 3507 327 3580 Crito,
339 3508 419 3587 quod
432 3508 658 3571 controversiam
671 3507 796 3571 dirimat.
838 3510 942 3574 Dromo
955 3530 973 3571 s
986 3531 1082 3572 cursu.
