2917 4950
510 393 632 461 AG'l'.
655 392 699 460 V.
735 390 913 458 SGENA
928 390 966 455 Ἰ.
1184 391 1252 458 649

198 579 268 651 Die
281 581 374 661 mihi,
398 579 534 661 Giiniee,
548 603 628 669 qnae
642 583 726 662 dixi,
741 580 975 650 nunciastinet
999 577 1050 644 M.
1074 577 1208 644 Omnia.

197 694 239 762 G.
262 693 355 776 Quid
371 694 442 758 niti
469 693 520 759 M.
544 692 703 760 Gaudere
723 692 810 758 adeo
824 690 943 775 erepit,
965 688 1065 774 quasi
1078 689 1138 773 qui
1153 688 1250 774 cupi·

325 810 388 872 unt
401 805 550 889 nuptias.
743 785 747 792 ⁵

191 914 239 981 .C.
263 913 334 995 He,
359 915 417 994 ha,
437 916 491 982 he.
526 916 578 982 M.
605 914 698 996 Quid
721 914 853 995 risistii
882 912 921 977 C.
944 912 1041 980 Servi
1065 930 1187 978 venere
1211 912 1248 977 in

323 1030 472 1100 mentem
487 1024 565 1112 Syri

195 1133 421 1202 Gelliditetes.
455 1136 506 1202 M.
541 1136 664 1202 itanei
695 1135 736 1201 C.
759 1135 885 1201 Voltus
908 1153 1046 1220 quoque
1073 1133 1246 1200 hominum

324 1246 562 1344 fingit-scelus.
1325 1333 1333 1348 .

196 1353 249 1423 Μ.
270 1356 407 1423 Gnatus
421 1358 514 1443 qued
539 1378 578 1423 se
591 1357 769 1423 assimulat
791 1356 918 1435 laetum,
933 1356 969 1420 id
993 1354 1105 1421 dicist
1130 1354 1170 1420 G.
1184 1354 1247 1420 .1d.

325 1467 376 1534 M.
400 1468 497 1534 idem
511 1471 602 1535 istuc
617 1468 699 1533 mihi
825 1545 829 1552 .
1208 1473 1246 1529 15

195 1576 302 1645 Venit
324 1578 360 1643 in
381 1585 540 1647 mentem.
570 1580 620 1672 G.
640 1579 831 1645 Veterator.
864 1577 915 1645 M.
938 1577 1065 1662 Magis,
1096 1576 1245 1661 eimagis

294 1692 427 1771 ,neris
442 1698 543 1777 putes
1259 1726 1261 1730 ·

195 1799 251 1867 Ita
277 1822 349 1868 rem
372 1822 460 1868 esse.
495 1802 535 1869 C.
558 1801 638 1868 Ain’
658 1802 718 1868 tut
753 1800 803 1866 M.
833 1799 926 1881 Quin
950 1805 988 1865 tu
1012 1799 1179 1865 ausculto.
1202 1797 1244 1864 0.

325 1911 440 1992 Mane,
455 1910 522 1978 hoc
535 1914 630 1999 prius
646 1914 735 1978 scire
747 1917 887 1998 expeto,

194 2020 289 2103 Quid
303 2024 508 2108 perdideris:
531 2046 611 2090 nem
624 2026 684 2091 ubi
706 2026 910 2109 desponsam
925 2023 1096 2115 nunciasti
1110 2023 1202 2103 filie;

193 2191 275 2233 ventus
283 2186 379 2247 proprie
389 2194 577 2249 exspectatarum
587 2204 694 2236 neeesse·
744 2186 852 2244 simulare
869 2193 958 2246 posset,
977 2194 1004 2234 ut
1021 2201 1059 2233 res
1075 2183 1186 2249 postulet.
1207 2184 1246 2233 Its

192 2256 324 2319 riommqne
335 2258 427 2307 dieitur.
440 2258 527 2308 Ethern
538 2268 575 2308 est
582 2261 695 2322 porticula
744 2259 885 2308 nunciorum
892 2257 1037 2320 explicatio.
1046 2259 1138 2309 Rivius.
1146 2259 1205 2306 Ces.
1214 2257 1244 2304 de

193 2329 594 2393 ostendensgnndiurideedveutn.
610 2334 638 2381 C.
744 2334 772 2380 B.
778 2334 807 2379 G.
814 2333 835 2380 1.
841 2334 880 2381 39.
888 2330 1080 2394 iinspueouitum
1080 2328 1172 2392 fingere
1178 2344 1246 2392 neque

226 2403 265 2451 Ex
275 2418 323 2451 uso
332 2404 398 2453 seed.
415 2405 481 2453 abest
498 2403 612 2454 cunae:
627 2406 651 2452 in
662 2405 696 2453 el·
744 2405 858 2452 interdum
864 2403 966 2452 lacrimas
973 2412 1047 2451 tenere
1054 2411 1163 2463 mternct.
1172 2404 1200 2449 R.
1213 2402 1245 2448 D.

193 2482 245 2525 iero
254 2475 320 2541 regio
330 2477 435 2527 eddimm
443 2485 480 2526 est
486 2493 528 2539 pes·
536 2487 629 2541 teneone
645 2479 694 2527 Re-
777 2480 808 2528 15
825 2475 851 2526 Se
861 2473 985 2539 meiat]
1004 2477 1111 2524 Refertur
1120 2475 1149 2521 ad
1160 2474 1246 2533 idcel-

192 2548 462 2612 ponepuoeeetmem
469 2554 567 2599 mm?
578 2553 606 2600 θ.
616 2549 695 2607 aas,
743 2559 780 2598 tas
791 2546 987 2612 tennenfingn.
997 2550 1026 2596 0.

190 2634 235 2682 per
252 2627 345 2682 tmpus,
358 2620 494 2678 Maraeu«,
510 2624 606 2671 advenis.
631 2624 694 2671 sne.
777 2627 808 2672 16
826 2622 891 2671 Venit
899 2623 925 2668 in
935 2618 1042 2684 mentem]
1059 2619 1098 2667 Sic
1109 2618 1177 2677 dicit,
1190 2620 1245 2682 quis

192 2691 236 2747 IV.
246 2695 272 2740 4.
284 2696 324 2741 44.
332 2707 373 2755 per
380 2701 465 2755 tempas
473 2695 572 2743 aduenis.
588 2693 618 2742 B.
744 2694 791 2742 scit
805 2695 835 2742 sb
845 2693 887 2742 illo
898 2695 1021 2755 deceptum
1032 2693 1184 2740 chremetem.
1206 2690 1246 2740 Ve-

225 2767 257 2812 12
275 2764 345 2820 Quasi
365 2767 528 2831 puieepinnt]
554 2768 583 2814 In
599 2768 694 2825 Andria,
744 2767 857 2832 meteri]
875 2761 1132 2814 Vetnsestinestutie.
1151 2768 1179 2813 G.

190 2838 375 2886 itctsemdiroedo
384 2839 413 2886 ab
427 2853 459 2896 eo,
475 2841 549 2903 etpui
560 2855 582 2888 ss
592 2848 658 2903 neget
657 2838 694 2902 fi·
747 2895 750 2899 ἵ
776 2838 802 2887 Si
811 2841 882 2903 surgis
898 2841 965 2896 notu,
973 2837 1051 2902 petes]
1067 2835 1116 2885 Hic
1126 2838 1176 2897 jem
1190 2852 1246 2898 spe·

192 2909 248 2958 ὶὲαπι
257 2910 374 2960 daturum.
391 2912 419 2960 0.
743 2912 777 2960 rit
786 2913 906 2960 veritstem
917 2911 1075 2960 Menedemus.
1102 2909 1179 2970 Megia
1190 2925 1246 2970 que·

223 2982 348 3031 veterrimi
358 2999 389 3031 ex
399 2983 484 3032 nostris
495 2984 638 3045 edeooceepi.
649 2986 677 3032 B.
742 2984 774 3032 lis
791 2985 824 3032 sit
841 2984 922 3044 Syrus,
936 2982 1063 3045 intelligas,
1078 2982 1245 3044 simogieqme
1315 2990 1317 2995 '

226 3057 258 3103 13
274 3053 324 3112 Ha,
334 3055 443 3119 ΜΗ]
462 3055 518 3102 Vox
527 3055 592 3103 nimii
602 3056 694 3103 caehin-
742 3056 824 3104 iecerit
836 3071 970 3117 conusens.
987 3057 1017 3103 lt.

190 3126 226 3183 ni,
236 3133 260 3175 et
267 3128 440 3176 accommodet·
451 3128 576 3185 Chremeti,
589 3128 628 3190 qui
643 3143 693 3176 cre-
777 3131 807 3176 17
824 3127 917 3176 iterem
927 3126 980 3190 esse]
996 3128 1110 3177 Vultuose
1120 3127 1245 3189 pronunci-

191 3198 263 3256 debet
271 3201 434 3248 Menedemum
442 3199 522 3261 decipi
530 3199 555 3246 in
563 3200 620 3257 titio,
627 3208 695 3249 etes-
743 3201 834 3249 sndum.
853 3201 922 3259 Quod
941 3202 962 3247 si
977 3199 1087 3249 Chremes
1099 3200 1170 3249 sciret
1189 3217 1245 3249 see

193 3270 301 3320 simulate
311 3272 378 3333 illum
388 3278 468 3333 petere
479 3287 583 3320 uxorem.
600 3274 628 3321 0.
744 3274 804 3337 Syru
814 3274 946 3335 deceptum,
957 3289 1012 3321 vere
1023 3273 1088 3321 illum
1103 3282 1245 3320 veteratorem

226 3346 259 3392 14
274 3342 366 3407 Ituuei]
383 3344 422 3393 Sic
433 3345 494 3406 lege,
505 3346 694 3406 utqnesieludss
742 3344 876 3409 appelleret.
895 3344 976 3409 Mane]
997 3347 1116 3406 Deceptus
1133 3346 1242 3392 Chremes

195 3414 359 3464 Chremetem:
375 3416 415 3479 qui
423 3431 507 3478 pessus
515 3425 561 3476 est,
570 3432 693 3465 sesservu
744 3418 812 3465 diter
821 3416 922 3478 percipit
938 3420 1009 3464 verbe
1019 3417 1160 3471 Menedemi,
1174 3432 1243 3477 quem

193 3488 281 3551 decipi.
292 3487 384 3554 Fingit]
401 3490 538 3538 Formstzsi
545 3490 624 3538 tristes
633 3498 694 3546 sunt,
743 3491 795 3552 ipse
806 3490 921 3553 loquetur,
932 3492 992 3537 eteb
1001 3489 1043 3537 ilio
1054 3489 1187 3552 imprudens
1194 3489 1244 3537 ein·
1274 3481 1282 3491 ’

193 3559 261 3608 lectos
271 3561 356 3609 reddit.
373 3560 471 3625 Fingere
480 3563 573 3625 proprie
579 3560 694 3625 estiguli,
743 3564 814 3611 ditur.
831 3564 860 3611 G.

193 3634 234 3695 qui
244 3633 330 3701 iprmes
338 3635 404 3683 ducit
415 3650 447 3683 ex
457 3634 515 3683 luto.
532 3635 559 3682 0.
777 3633 855 3691 Mane,
864 3633 903 3682 hec
911 3634 987 3698 prieur]
1004 3636 1062 3684 Cum
1074 3649 1166 3682 uerrere
1173 3633 1246 3683 vellet

190 3702 192 3711 ‘
227 3705 535 3771 Vnitrssquoquehomiuum]
548 3707 694 3770 Adhucper·
744 3708 904 3765 Menedemus,
913 3715 941 3755 ut
951 3708 1056 3755 erederet
1066 3706 1150 3769 Syrum
1160 3706 1244 3754 edver-

192 3786 284 3829 severst
300 3781 419 3838 chremes,
439 3788 466 3828 ut
481 3780 694 3841 medetasyrosd
744 3795 784 3827 sus
800 3779 944 3828 Chremetem
962 3781 1040 3843 pefius
1059 3779 1155 3841 iusidias
1171 3786 1246 3828 seten-

191 3851 356 3900 Menedemum
371 3852 423 3917 (vel
439 3854 498 3900 sdde
504 3853 645 3918 saliendum,
655 3853 695 3900 vel
744 3848 817 3908 disse.
827 3853 951 3901 intercedit
960 3860 985 3900 et
998 3852 1064 3908 dicit,
1075 3852 1182 3913 quidnam
1192 3867 1247 3915 per·

191 3925 223 3971 cd
233 3931 297 3971 mute
304 3924 328 3971 iu
336 3925 445 3974 adurere.
458 3925 490 3989 Z)
499 3926 648 3989 compositam
657 3940 694 3972 es-
743 3923 837 3982 diderit,
845 3926 909 3986 quod
917 3933 1045 3988 negeturne
1053 3925 1191 3972 Menedemo
1200 3931 1245 3971 est.

191 4013 217 4045 se
226 3997 348 4055 fallaciam,
366 3997 400 4045 ite
415 4005 441 4047 nt
451 4007 475 4046 et
485 3999 563 4048 vultus
579 3996 694 4046 hominem
707 4006 712 4011 '
744 3998 814 4046 Unde
822 4013 848 4046 ee
858 3999 938 4047 mirari
947 4000 1094 4047 vehementer
1104 3998 1170 4052 dicit,
1183 3998 1246 4059 quod

115 4086 119 4096 ¹
193 4070 394 4119 sceleratissimum
404 4071 483 4133 finget.
506 4073 535 4119 E.
743 4062 1108 4132 hteenoniueritenspicetusE.

229 4141 311 4190 Velm
320 4159 403 4206 qnopsoe
414 4143 603 4207 hminumfiugit
612 4141 693 4205 scelus]
776 4143 815 4189 Ne
828 4159 910 4191 sersus
923 4144 1047 4200 claudicet,
1057 4145 1110 4206 lege
1120 4143 1245 4199 macedum,

190 4216 247 4284 Le.
259 4216 374 4283 sceieetus
384 4218 423 4265 ille
434 4217 511 4274 efficit,
525 4225 551 4264 nt
557 4215 635 4264 Clinia
643 4217 695 4264 rui-
745 4216 808 4275 quod
818 4230 880 4276 saepe
897 4217 957 4278 epud
973 4216 1078 4264 Plautum
1090 4214 1199 4264 occurrit.
1216 4216 1245 4262 B.

192 4296 242 4336 tum
253 4283 320 4336 snum
328 4298 459 4352 componat,
478 4290 605 4339 simulando
616 4305 695 4351 quem·
779 4290 811 4335 18
828 4287 961 4350 Deprensum
974 4287 1099 4350 connecti]
1117 4289 1147 4334 V.
1159 4290 1186 4336 C.
1198 4287 1247 4336 des-

190 4358 249 4407 linet
261 4361 371 4419 habitum,
383 4370 409 4411 nt
423 4365 500 4412 lectum
520 4363 557 4410 vel
572 4361 661 4411 tristem
670 4378 695 4410 se
743 4370 864 4422 pensatum.
887 4364 914 4410 1..
1168 4390 1171 4397 ‹

228 4452 286 4489 voe.
300 4455 318 4489 s.
695 4443 712 4489 4
729 4454 746 4484 n
