2917 4950
255 390 324 458 aaa
643 362 899 456 nunnoni

256 579 338 646 Sive
353 577 440 643 adeo
455 576 558 659 digna
572 596 626 641 res
640 582 702 654 est,
719 578 780 642 nbi
795 583 832 642 tu
845 567 969 641 neruos
982 572 1139 638 intendas
1151 579 1243 639 tuna.

256 691 363 755 Haud
377 690 497 755 similis
511 688 648 772 virgo'st
662 690 828 772 virginum
843 692 1050 764 nostrarum,
1064 704 1150 768 quas
1172 690 1301 750 matres

385 802 522 867 student
1192 879 1194 886 Ι

255 912 425 977 Demissis
439 912 586 977 hameris
599 932 686 990 esse,
694 913 810 978 vincto
823 913 972 993 pectore,
984 912 1022 971 ut
1034 905 1177 988 graciles
1191 906 1294 986 siont3

254 1137 311 1196 eripi
338 1151 384 1182 non
409 1142 487 1195 potest.
515 1110 557 1181 ubi
578 1150 601 1181 r.
625 1135 752 1181 Burmann.
803 1136 833 1183 sd
852 1129 1218 1195 signifieatinnsmobsomuiorem
1229 1126 1301 1175 alludi

257 1208 288 1255 R.
301 1210 333 1255 D.
803 1208 902 1256 videtur.
921 1222 945 1253 r.
967 1205 1065 1251 Casaub.
1088 1203 1117 1249 ad
1132 1202 1216 1249 Athen.
1237 1201 1259 1249 1.
1276 1203 1300 1249 5.

289 1277 429 1341 Appareant]
445 1280 466 1326 l.
476 1296 497 1327 e.
508 1279 597 1340 reipsa
609 1286 753 1340 praestentur.
804 1280 835 1327 R.
847 1280 879 1326 D.

257 1352 289 1399 lt.
301 1353 332 1399 D.
837 1356 868 1400 tl
886 1350 959 1399 Hanni
970 1350 1046 1397 sirudis
1062 1349 1125 1411 virgo
1139 1356 1170 1395 est
1184 1346 1299 1408 virginari
1392 1381 1396 1392 .

290 1427 323 1471 20
339 1424 388 1471 Sive
403 1423 457 1470 adeo
475 1423 545 1486 digna
561 1438 596 1470 res
604 1422 647 1485 est]
664 1423 756 1484 Sipar-
804 1424 940 1487 nostrarara]
958 1422 1048 1469 Civium
1058 1420 1156 1475 scilieet,
1166 1420 1192 1466 id
1200 1426 1245 1473 est,
1255 1426 1301 1465 ter-

257 1511 316 1544 sona
325 1493 472 1543 Parmenonis
490 1502 536 1552 est,
548 1496 591 1542 siae
599 1496 699 1542 abundat
708 1514 717 1542 :·
732 1503 756 1543 et
805 1514 837 1545 rar
848 1513 875 1545 ee
885 1496 966 1558 patriar
984 1501 1076 1541 nostrie.
1092 1500 1119 1539 ut
1134 1493 1201 1553 Virg.
1215 1493 1301 1551 Georg.

257 1584 300 1630 pro
311 1561 430 1629 expletiva
445 1570 604 1628 conjunctione
622 1568 691 1613 modo
711 1575 754 1615 est.
803 1572 839 1618 11.
860 1574 899 1622 89.
923 1585 968 1616 aare
988 1568 1063 1616 eadem
1081 1567 1195 1614 arboribus
1219 1567 1300 1627 pendet

256 1642 287 1688 ln
314 1642 450 1703 quibusdam
474 1640 566 1687 omnino
593 1656 638 1685 non
661 1640 754 1701 legitur.
803 1644 914 1690 vindemia
925 1642 1010 1689 neuris.
1043 1638 1301 1695 tarsatiensem

257 1712 317 1760 rideo
326 1721 403 1760 autem
413 1713 521 1768 abundat,
538 1721 578 1758 aut
592 1713 659 1758 nimis
668 1713 756 1774 signill-
796 1712 994 1780 fadnfaga,&e.
1029 1711 1090 1765 Quas
1100 1717 1180 1757 matres
1197 1708 1298 1771 anime]

258 1792 304 1841 cat,
316 1787 353 1833 vel
360 1788 419 1842 satia
435 1785 461 1831 Si
472 1785 566 1830 Chaerea
575 1782 641 1839 dioit,
649 1784 687 1830 hic
697 1785 755 1833 ordo
805 1788 859 1834 llos
869 1787 942 1833 verbo
952 1783 1056 1832 ostendit
1072 1782 1159 1829 nultum
1173 1782 1302 1839 industria,

258 1864 283 1903 st
293 1873 374 1904 sensus
381 1865 432 1904 est:
442 1858 479 1903 iso
491 1857 511 1902 si
518 1857 553 1903 vis
563 1856 686 1911 nuno,sive
697 1858 755 1904 adeo
804 1874 849 1906 nnn
856 1858 1050 1920 pnlohritudinem
1059 1855 1192 1903 naturalem.
1208 1853 1241 1902 D.

258 1928 436 1989 dignaresent,¹
448 1928 489 1974 ubi
507 1935 532 1974 tn
550 1943 634 1975 nervos
651 1929 756 1977 intendas
838 1935 869 1979 2‘2
886 1930 989 1978 Demissis
1000 1929 1095 1976 lamnis
1102 1942 1151 1984 esse,
1171 1922 1302 1987 ainatopsr'·

259 2007 321 2057 tuos,
331 2009 357 2047 ut
365 2001 477 2061 promissa
485 2008 622 2062 appareaut;
638 2008 664 2047 ut
674 2001 707 2048 sit
719 2003 756 2059 sia,
805 2003 862 2067 tore]
879 2002 974 2063 Antiqui
984 2002 1045 2049 enim
1057 1998 1136 2047 Graeci
1150 1999 1220 2045 etiarn
1231 1999 1301 2061 virgi·

260 2074 339 2121 siris:
354 2082 379 2120 et
388 2073 486 2120 addatur
496 2080 532 2126 ut,
540 2074 601 2133 quod
611 2074 685 2121 deest.
709 2076 756 2122 Fen
806 2077 874 2123 nibus
893 2076 942 2123 suis
961 2076 1094 2136 prabebant
1114 2073 1253 2132 palaestram,
1272 2073 1301 2119 ad

259 2152 286 2192 ut
312 2146 425 2204 promissa
442 2153 567 2205 appareant
592 2145 671 2209 (legsz
698 2146 757 2209 quod
805 2144 1303 2208 somponendsao'rpora':3Veldemisrislia·

260 2219 318 2264 deest
332 2227 354 2266 ri
368 2220 393 2264 in
403 2217 450 2274 illo,
459 2219 497 2264 iao
513 2218 546 2264 sis
564 2231 624 2265 nune
642 2220 757 2280 promisse
804 2223 869 2268 meris
876 2236 924 2277 esse,
935 2219 1023 2281 liquide
1041 2227 1066 2265 et
1076 2214 1176 2265 molliter
1186 2217 1301 2274 deductis,

260 2298 391 2351 appareant.
399 2289 439 2353 Z.)
473 2290 640 2338 Ulitaaeraos
653 2293 757 2339 intendas
798 2308 879 2360 ,neque
887 2294 1027 2348 extantibus,
1039 2293 1081 2339 alm
1095 2290 1302 2353 inmodum(allr·

259 2363 319 2427 taos]
336 2364 418 2411 Utrum
428 2365 526 2411 obscene
543 2365 595 2420 hon,
615 2375 642 2411 nt
660 2365 756 2413 servus?
805 2366 869 2413 letica
878 2368 947 2413 morlo.
959 2366 1007 2413 Ms.
1027 2363 1074 2427 H.)
1091 2362 1195 2411 Demissis
1208 2363 1303 2410 hamam

260 2440 453 2500 masrepogafic,
463 2437 653 2485 ubilnborarsso
663 2437 757 2498 pericli·
805 2452 856 2496 ωε,
873 2440 945 2488 aneto
961 2438 1058 2502 pertore]
1076 2438 1130 2485 Non
1144 2436 1307 2498 accipiendum

259 2509 304 2563 tari
325 2511 427 2558 demas?
443 2511 490 2557 Sed
507 2511 590 2558 melius
609 2511 698 2570 tegunt,
716 2510 756 2571 qui
806 2519 843 2558 est
854 2513 921 2573 qussi
931 2512 976 2558 hoo
993 2511 1064 2565 dieat,
1075 2510 1104 2556 ad
1120 2508 1170 2556 hoo‘
1183 2508 1237 2555 illas
1255 2514 1303 2556 stu·

258 2583 303 2630 hoa
312 2590 386 2630 tntum
394 2583 423 2628 ad
433 2598 554 2643 personam
564 2583 681 2644 applioant
690 2583 757 2629 cne-
806 2585 861 2631 deut
874 2592 959 2632 manes
969 2583 1077 2631 demissis
1095 2581 1196 2629 humeris
1207 2597 1268 2638 esse,
1280 2587 1303 2628 et

258 2671 321 2708 τοις
337 2664 362 2701 et
379 2656 470 2711 melius,
491 2671 558 2715 quam
576 2655 616 2715 qui
632 2656 758 2703 Parmeno-
808 2657 997 2720 rinatopeotors,
1010 2655 1221 2718 utgracilessient:
1238 2654 1303 2715 qussi

259 2742 313 2773 nem
326 2728 371 2774 hae
387 2734 469 2788 putant
484 2727 556 2787 loqui,
570 2731 613 2774 siae
623 2727 757 2790 adeodigna
806 2729 855 2776 ineo
866 2730 911 2776 duo
919 2737 1018 2790 propter
1025 2744 1094 2775 unum
1107 2727 1167 2774 illud
1181 2728 1244 2774 fiant.
1263 2728 1303 2773 sed

259 2814 295 2847 res
300 2800 384 2855 est,al›i
394 2815 469 2847 neruos
477 2798 578 2846 intendas
587 2807 643 2846 taos.
660 2801 691 2846 D.
806 2800 1034 2856 varietria·dixil,ne
1045 2800 1134 2846 diosret
1142 2800 1156 2829 ¹
1163 2806 1203 2846 aut
1211 2799 1305 2846 student

292 2871 400 2919 &pendeo
409 2872 491 2935 digna]
507 2873 592 2919 Senam
603 2879 653 2919 est:
671 2873 692 2919 si
703 2870 757 2919 talis
805 2872 858 2922 illas
869 2873 978 2941 demissis
988 2872 1098 2929 humeris,
1106 2878 1130 2918 et
1138 2873 1239 2919 vinetum
1250 2888 1303 2933 pse·

260 2944 412 3000 resssthaeo,
434 2944 476 2990 ubi
491 2960 570 2991 omnes
588 2951 639 2992 tuas
651 2944 758 3006 eogitati·
807 2943 1208 3008 tns,utgraeilessient(verba,ne
1223 2946 1304 2991 diaeret

260 3031 319 3063 ones
341 3016 418 3077 possis
437 3016 568 3072 intendere,
588 3022 613 3064 et
633 3016 758 3078 plurimum
807 3019 901 3074 -sient,
912 3020 995 3065 absunt
1002 3018 1032 3064 ab
1045 3018 1083 3064 ed.
1094 3017 1190 3077 Argent.
1224 3017 1256 3063 Et
1266 3031 1304 3077 pa·

260 3089 373 3135 iaborare.
405 3088 512 3148 Denique
531 3090 644 3151 digrraree
659 3097 698 3146 est,
716 3089 757 3136 ubi
806 3089 1028 3154 rumsanihabent).
1051 3088 1128 3136 Vincta
1136 3086 1232 3150 penore]
1249 3088 1303 3134 Cas·

259 3161 408 3208 laborandum
418 3160 457 3207 sit.
491 3160 607 3207 Continuo
622 3161 757 3222 subjungit:
807 3162 1001 3224 tigatoaotsnni,
1009 3167 1033 3208 et
1044 3160 1108 3208 velut
1117 3160 1204 3207 vinata.
1232 3162 1305 3206 Deest

261 3230 410 3299 laadslmilis
419 3233 537 3294 airgoeat,
554 3249 608 3294 quas
622 3241 702 3280 matres
710 3242 757 3280 sta·
807 3235 943 3296 ergoaalat.
979 3232 1014 3281 Ut¹
1027 3231 1123 3296 graciles
1139 3231 1208 3294 sant]
1225 3231 1305 3278 Asin·

261 3305 314 3352 derit
330 3305 426 3351 &maru
444 3305 542 3352 lumem
558 3304 611 3367 esre]
629 3307 683 3352 Non
704 3306 759 3353 oibo
807 3306 882 3369 galeri
898 3307 992 3370 gracilis
1006 3304 1071 3369 (quis
1088 3305 1115 3351 id
1130 3304 1212 3351 nesoit.
1246 3304 1304 3352 Cum

260 3377 287 3426 in
305 3376 446 3437 tntaaliqus
462 3377 604 3438 pinguedine
624 3378 759 3426 sublevatis.
808 3395 865 3428 rsrn
874 3381 980 3427 Donatus
990 3386 1069 3426 notare
1078 3378 1159 3435 soleat,
1169 3392 1222 3439 qnae
1232 3378 1305 3425 rarius

260 3449 290 3497 Ε·
809 3459 948 3512 oecurruut3
971 3449 1126 3506 oraedideriur,⁴
1142 3462 1203 3496 eum*
1220 3449 1305 3512 legisse

294 3523 368 3571 Godd.
385 3522 459 3571 nostri
473 3522 707 3571 malshunarersurn
717 3523 759 3572 tri·
810 3541 943 3583 nannum,
965 3531 989 3571 st
1005 3522 1136 3585 scripsisse,
1155 3539 1170 3569 a
1194 3523 1305 3586 singulari

261 3595 488 3643 bunutPsrmenaui.
505 3597 534 3642 B.
809 3614 928 3646 oasam
939 3599 1007 3654 vena,
1021 3596 1063 3644 &a
1096 3595 1305 3657 Ooujeoturamfir·

296 3667 546 3732 Ubinernosiateadas]
563 3670 585 3715 Ι.
595 3666 760 3729 sinquaom-
808 3677 872 3718 mant
893 3670 1023 3718 testimonia
1040 3669 1109 3733 probi
1125 3674 1149 3716 et
1162 3669 1224 3716 Non.
1242 3670 1305 3716 Mer·

259 3740 329 3788 mnus
346 3740 434 3787 uiribus
450 3740 541 3788 nitaris.
558 3740 708 3797 Quintilio.
727 3741 759 3788 de
808 3741 874 3804 nelli)
885 3741 1006 3789 renithrsn
1016 3738 1198 3789 declinatio.''D.

259 3812 446 3875 petiteonsulat.
458 3827 479 3858 ο.
492 3815 531 3859 14.
541 3812 645 3872 phuam
654 3814 760 3860 contende
843 3812 921 3862 Vincta
933 3815 1029 3877 pertore]
1045 3813 1124 3861 Manis
1142 3812 1176 3859 ita
1191 3811 1306 3866 deduntur,

260 3882 439 3930 annibasnsrnis
456 3890 478 3930 et
490 3881 652 3947 facultatibus.
685 3885 760 3933 Nerei
808 3892 835 3934 ut
858 3887 942 3933 rinotie
969 3902 1021 3934 esse
1039 3886 1168 3934 rideantur.
1209 3883 1306 3932 Graciles

260 3954 418 4015 metaphorice
440 3954 555 4012 dicuntur,
579 3956 619 4016 qui
636 3957 760 4005 maximam
808 3956 874 4018 sient]
893 3958 990 4020 Legitur
1008 3964 1032 4005 et
1048 3958 1149 4021 gracile,
1164 3953 1306 4003 ut'dealina·

260 4025 309 4075 mm
320 4026 411 4082 hubent,
421 4026 529 4087 quoniam
539 4029 724 4089 roburoorporis
735 4029 760 4075 in
810 4031 999 4079 rerit'l'ereutius
1009 4030 1054 4078 liae
1066 4029 1162 4094 ςταείία.
1179 4027 1209 4076 Ε.

261 4098 341 4147 nereis
351 4098 421 4146 situm
439 4105 491 4159 θεὶς
505 4101 558 4147 trino
580 4114 687 4156 meare,
703 4102 760 4149 inei·
844 4101 922 4150 Vincta
930 4103 1027 4165 pertore]
1044 4103 1098 4150 Vet.
1110 4101 1246 4149 nodar'neta
1258 4116 1306 4148 cor-

261 4174 321 4229 dae,
336 4174 456 4233 precidere
474 4188 549 4221 navos
568 4173 682 4235 significat
700 4173 761 4221 vires
807 4190 867 4237 pore.
899 4176 1056 4238 Hieronymus
1075 4177 1105 4223 de
1121 4174 1216 4223 vitanda
1231 4173 1306 4235 suspi-

260 4246 392 4306 iniriugere.
410 4262 432 4293 r.
452 4245 570 4308 interpret.
588 4248 616 4294 ad
630 4247 760 4295 titivm.
809 4247 890 4297 aiones
900 4249 989 4310 papilla
999 4247 1103 4313 fasciolis
1122 4249 1306 4309 conprimuntur,

261 4321 303 4368 39.
319 4319 434 4367 Caeterum
453 4319 521 4366 simul
540 4320 564 4366 in
582 4320 624 4366 hac
643 4319 760 4368 loeutioue
809 4323 946 4382 animanti
953 4320 1306 4384 oingnloangastiaspsstasnro
