2917 4950
185 997 247 1058 JO.
279 996 514 1059 CALPURNII
542 997 787 1060 BRIXIENSIS
813 999 905 1060 vnn
933 1000 1184 1064 CLARISSIMI

526 1306 551 1351 Ρ.
569 1304 669 1352 suxul
685 1303 848 1352 'l'llliliN'l'll

271 1494 769 1554 fluuuuouulmouumnuou
792 1495 1103 1572 PROLBGOMENA.

636 1709 732 1744 ’φ

230 1894 331 1955 HAEc
341 1896 450 1969 fabulo,
462 1896 623 1958 Menandri
635 1897 764 1962 Graeca:
785 1920 851 1980 qnoe
863 1901 942 1961 facta
950 1919 969 1961 a
978 1900 1119 1962 Terentio
1126 1901 1186 1963 Ln-

190 1992 260 2066 tina,
281 2013 390 2055 nomen
407 1992 485 2055 idem
502 1996 675 2068 observavit,
696 2017 736 2056 nc
756 1998 856 2057 Graeci
870 1996 992 2058 nominis
1012 1997 1186 2078 euphoniam

190 2091 344 2171 perderet:
369 2091 448 2172 quod
469 2092 627 2155 Terentius
647 2093 744 2155 minus
763 2094 858 2156 laudis
878 2093 1051 2156 existimavit
1069 2094 1189 2174 propris

191 2189 331 2261 scribere,
351 2208 439 2269 quam
459 2188 570 2252 Graeca
589 2191 757 2252 transferre.
787 2191 905 2252 Nomen
922 2192 1014 2252 hebet
1031 2210 1135 2252 asena
1154 2210 1189 2251 se

190 2287 285 2367 ipsum
298 2287 489 2348 excruciante
504 2289 542 2348 ob
556 2287 608 2348 filii
623 2289 802 2351 absentiam:
824 2308 912 2371 quem
932 2299 1088 2360 amantem,
1109 2289 1188 2348 duri·

190 2383 233 2445 tin
244 2403 297 2446 sua
308 2385 341 2444 in
353 2385 485 2446 militiam
492 2386 639 2466 proficisci
650 2387 847 2467 compulerat:
868 2385 965 2446 ἑαυτὸν
979 2385 1188 2466 τιμωρούμενος,

190 2482 305 2556 Latine,
322 2503 353 2543 so
371 2485 466 2565 ipsum
476 2485 649 2547 excrucians
664 2487 881 2564 interpretaur.
912 2481 990 2541 Illud
1008 2481 1188 2571 animadvcn

190 2581 322 2653 tondumss
343 2601 444 2644 omnes
459 2583 648 2645 Terentianas
667 2583 782 2645 fabulas
803 2600 841 2641 ex
861 2590 983 2658 utroque
999 2598 1109 2658 genere
1122 2580 1190 2639 mis.

189 2686 244 2752 las,
264 2689 373 2758 praetcr
385 2679 471 2740 hanc.
513 2680 592 2741 Nam
605 2678 759 2741 comoediae
773 2688 825 2738 aut
837 2678 957 2737 nrotoriae
969 2686 1047 2748 sunt,
1067 2687 1119 2738 aut
1132 2687 1190 2736 :ta-

191 2776 279 2848 Μήτι,
299 2786 351 2836 aut
363 2779 457 2837 mistoe.
487 2777 633 2851 Motoriae,
647 2776 842 2838 turbulentae:
865 2772 1001 2845 stataria,
1015 2772 1171 2852 quietiores
1181 2780 1194 2833 τ’

190 2871 292 2945 mistae,
313 2892 353 2932 ex
374 2883 499 2954 utroque
513 2886 584 2936 actu
598 2875 801 2935 consistentes.
821 2870 859 2928 In
871 2871 939 2943 hac,
953 2890 1020 2950 quae
1032 2870 1190 2950 plurimum

192 2966 319 3029 delectat
328 2979 359 3029 et
370 2982 439 3029 actu
450 2982 481 3030 et
491 2971 567 3043 stilo,
580 2972 682 3051 primm
689 2979 787 3050 partes
797 2978 865 3027 sunt
876 2967 1048 3029 Menedemi
1057 2978 1088 3027 et
1099 2967 1192 3028 Chre-

192 3064 294 3125 metis:
305 3065 442 3127 secundm
451 3067 556 3128 cliniae
567 3078 597 3127 et
608 3065 798 3147 Clitiphonis:
813 3063 909 3124 tertiae
918 3064 1000 3145 Syri:
1013 3073 1045 3127 et
1057 3064 1100 3125 sic
1109 3064 1191 3125 dein·

192 3180 272 3242 ceps.
287 3161 366 3226 Haec
379 3164 476 3238 etiam,
493 3175 526 3223 nt
538 3174 665 3236 caeterae,
680 3162 808 3243 quinque
821 3170 904 3222 actus
916 3161 1017 3234 habet,
1037 3160 1193 3240 prologum
1220 3173 1233 3198 ·

196 3256 394 3317 concitatum:
425 3257 504 3318 Nam
519 3268 556 3318 ‘et
576 3277 607 3318 se
628 3274 743 3339 purgat,
765 3259 841 3320 etin
862 3257 1000 3319 laedendis
1023 3258 1195 3319 adversariis

194 3364 239 3416 est
260 3365 429 3434 occupatus.
472 3355 689 3434 Argumentum
709 3376 826 3436 quoque
846 3375 906 3416 non
926 3355 1064 3436 simplicis
1082 3354 1198 3434 negotii

192 3451 294 3524 mnes,
315 3471 371 3512 nec
390 3451 475 3512 unius
489 3451 692 3526 adolescentis,
715 3465 748 3514 ut
767 3454 798 3512 in
817 3453 957 3533 Hecyra:
984 3452 1039 3512 sed
1059 3452 1193 3523 duonum,

195 3559 229 3609 ut
241 3549 273 3610 in
286 3548 402 3610 ceteris
413 3541 536 3611 fabulis*
