2917 4950
455 380 573 448 AGT.
597 383 627 448 Ι.
660 380 838 447 scuNA
861 381 911 447 II.

1146 383 1212 464 849

168 569 290 635 Potius
304 590 408 654 quam
420 574 454 635 te
468 570 643 636 inimicum
656 570 858 636 babeamsi
872 570 961 634 istuc
970 568 1147 659 crederem

167 681 307 747 Sincere
322 681 402 760 dici,
417 682 553 767 quidvis
568 701 705 766 possem
718 683 861 766 perpeti.
963 738 969 750 .

73 851 75 854 .
168 794 237 858 ΡΑ.
261 794 435 871 Labascit,
450 794 561 861 uictus
576 813 645 857 uuo
660 795 776 870 verbo,
791 793 996 876 quamcito!

167 902 210 968 T.
233 903 308 985 Ego
322 924 391 969 non
405 924 451 969 ex
466 906 579 969 animo
594 905 718 969 misero
733 903 837 970 dicol
858 923 962 987 quem
972 903 1056 987 joco

169 1012 259 1077 Rern
271 1014 410 1079 voluisti
424 1035 446 1079 a
459 1034 513 1079 me
527 1016 674 1091 taudem,
690 1016 772 1098 quin
786 1013 991 1098 perfeceris?

1155 1020 1214 1075 100

171 1123 245 1207 Ego
257 1125 436 1208 impetrare
451 1146 585 1210 nequeo
599 1126 664 1190 hoc
679 1126 742 1189 abs
756 1130 801 1202 te,
814 1124 954 1192 biduum

170 1233 300 1299 Saltem
315 1240 352 1299 ut
365 1237 534 1308 concedas
549 1237 671 1301 solum.

714 1235 785 1299 Pu.
808 1234 982 1319 Siquidem
996 1234 1155 1300 biduum:

171 1342 300 1424 Verum
313 1365 356 1408 ne
371 1345 453 1421 fient
467 1348 524 1413 isti
539 1347 657 1428 viginti
672 1347 757 1418 dies.

170 1540 250 1599 tentis,
266 1559 311 1591 uon
329 1544 436 1594 simulate
451 1547 560 1595 sulficte.
583 1548 670 1595 catull.

171 1629 241 1662 curm
254 1618 343 1664 noio
351 1620 435 1667 cineae
444 1619 506 1667 dicct
518 1628 540 1667 ct
549 1636 575 1668 cs
587 1622 668 1667 enimc.

207 1762 240 1808 96
251 1759 332 1808 Potius
338 1778 405 1824 pisam
415 1772 438 1811 te
444 1764 560 1811 inimicum
568 1764 669 1830 bcbcnm]

171 1836 271 1882 Tantum
281 1831 306 1880 iu
322 1835 421 1883 animum
430 1837 544 1884 Phiedriae
559 1838 604 1886 boc
617 1840 671 1886 des·

171 1905 258 1962 crudit,
274 1912 302 1952 ut
317 1907 386 1955 etism
402 1916 500 1970 repetet,
520 1912 582 1971 quod
598 1912 671 1959 amics

170 1980 265 2032 dixerut
274 1979 396 2028 adulando.
415 1984 445 2029 D.

205 2054 235 2100 9⁷
244 2051 483 2116 Siooerequddcb
489 2071 570 2117 possem
575 2056 671 2120 perpeti]

170 2125 295 2180 summ
301 2141 392 2187 purum,
400 2128 518 2184 sinciaco,
526 2136 550 2176 et
557 2130 669 2191 simplex:

174 2203 199 2243 ut
215 2196 260 2244 mel
272 2197 322 2245 siue
338 2214 399 2246 cers·
432 2203 496 2248 Bene
511 2218 566 2263 ergo
582 2208 608 2249 ut
617 2204 671 2259 mel,

718 1544 788 1606 Quod
797 1542 870 1591 sensit
876 1544 971 1590 multum
978 1542 1085 1600 vetuisse,
1094 1546 1137 1591 hoc
1144 1546 1215 1594 Thais

717 1617 818 1665 inculcat
828 1616 904 1663 animo
911 1615 978 1663 enrici
990 1616 1033 1663 sui.
1063 1620 1094 1664 Et
1105 1634 1152 1682 ego,
1162 1620 1215 1667 vids

718 1699 802 1751 quunts
813 1689 931 1752 significet.
955 1690 1069 1737 Convenit
1079 1691 1121 1737 boc
1131 1707 1217 1751 prono·

718 1778 771 1810 meu
792 1762 876 1809 biunde
900 1761 971 1808 multa
987 1757 1158 1822 exprobranti:
1189 1772 1216 1811 ut

719 1836 803 1898 virgil.
820 1836 993 1883 AEn.1v.314.
1009 1850 1072 1882 mene
1080 1834 1166 1899 fugis?
1183 1837 1215 1883 D.

752 1913 800 1957 100
818 1908 891 1962 Quam
894 1909 946 1970 joco
958 1921 1006 1953 rem
1019 1908 1121 1970 uoluisti]
1132 1911 1217 1956 Contra

718 1980 777 2029 illud
788 1981 894 2036 retertur,
905 1980 966 2041 quod
981 1981 1013 2027 uit
1023 1981 1136 2037 Pboedria,
1146 1997 1219 2030 recurre

719 2055 759 2101 ubi
769 2054 823 2101 milri
832 2054 889 2100 disti
898 2068 977 2114 cripere
988 2060 1009 2099 te
1018 2068 1043 2099 es
1055 2052 1168 2113 AEtlriopia
1176 2070 1217 2100 ars·

719 2127 827 2184 cillrdm,
836 2127 990 2174 relicturebur
998 2126 1104 2180 omnibus,
1120 2127 1218 2188 quesivit

718 2201 766 2247 Sed
777 2201 820 2246 boo
831 2199 989 2247 vehementius
998 2210 1021 2245 et
1026 2199 1144 2253 disertius,
1152 2215 1219 2262 quom

169 2270 491 2323 ,erudimentumnoretricis
502 2274 569 2321 dulce
578 2276 671 2331 fatetur,
711 2273 821 2333 jecorem
836 2272 932 2318 vuinidi.
966 2274 1019 2318 Nou
1034 2288 1123 2328 munus,
1135 2272 1218 2332 inquit,

168 2343 216 2398 ,sed
226 2350 295 2403 negat
305 2360 357 2391 esse
368 2345 488 2393 sincerum.
505 2350 536 2394 D.

206 2414 294 2464 Sincere
302 2417 359 2481 dici]
371 2418 460 2465 Charis.
471 2418 514 2466 lib.
525 2425 547 2468 1.
558 2427 581 2468 et
592 2427 615 2471 2.
632 2423 659 2468 Iu

205 2491 239 2537 98
254 2488 369 2553 hmoeit]
387 2492 472 2539 Omnia
488 2493 618 2542 inchoetivn
631 2494 672 2542 tri·

173 2562 265 2626 ,syllaba
280 2564 328 2610 iere
339 2565 415 2612 media
425 2566 538 2627 producte
551 2568 673 2615 enuncian-

175 2641 220 2681 tur.
264 2634 340 2683 Victus
355 2653 402 2684 uno
418 2640 489 2686 verbu.
511 2655 577 2701 quum
599 2639 672 2703 citet]

176 2707 251 2760 Qum
261 2709 305 2756 cito
312 2708 353 2764 sit,
363 2710 403 2772 qui
413 2710 478 2758 illum
484 2712 541 2759 falsa
548 2712 673 2774 lncrymnls

176 2779 239 2827 vinci
252 2782 382 2829 crediderat
397 2799 473 2846 posse.
513 2786 572 2833 Plus
588 2786 672 2833 iactum

174 2858 226 2903 est:
242 2869 290 2900 uno
299 2854 376 2902 victus
385 2864 422 2904 est
429 2859 509 2913 verbo,
519 2865 543 2905 et
551 2859 607 2905 cito.
626 2858 675 2904 Vic-

176 2933 213 2972 tus
229 2941 275 2973 uno
291 2928 365 2990 uerbo]
388 2927 479 2977 Utinam
498 2931 557 2978 birro
575 2931 673 2977 cubum.

177 2998 386 3056 Etuuooerbo,.ut
402 3001 512 3059 diximus,
530 3004 563 3050 sic
580 3004 672 3064 accipe:

173 3077 204 3122 ¹ut
211 3073 305 3124 uerbum
313 3073 399 3133 dictum
407 3073 527 3137 intelligas,
533 3074 593 3137 quod
603 3079 673 3123 verbo

173 3144 338 3204 ‚complectitur
348 3145 413 3208 (edd.
423 3148 514 3194 Venett.
524 3149 672 3208 amplectitur.

177 3213 264 3276 Sensus
272 3218 394 3275 constabit,
402 3217 423 3265 si
430 3219 528 3280 junctim
537 3220 611 3281 legas,
617 3221 675 3283 quod

173 3287 674 3355 ⁴uerbocomplestitureorrqdetc,dic.)etcorn-

176 3359 247 3420 pletru
255 3362 373 3411 sententie
381 3363 601 3426 pronunciationem,
610 3365 673 3428 qnod

175 3429 436 3493 dilspanomiusbatur.
453 3439 485 3484 D.

210 3502 323 3571 hbcrcit]
335 3507 444 3554 Diomed.
455 3508 496 3555 lib.
510 3513 532 3556 1.
549 3510 576 3556 1.

210 3575 309 3636 Melius,
319 3580 454 3641 opinor,sic.
470 3583 567 3639 labescit,
578 3580 675 3638 uiuo’sr,

177 3663 225 3694 uuo
234 3651 304 3706 uerbo,
312 3668 378 3712 quam
387 3654 437 3700 cito.
454 3655 483 3700 B.
503 3693 505 3696 .

177 3758 180 3763 .
212 3720 326 3785 Labascit]
342 3725 365 3771 1.
376 3741 397 3772 s.
410 3724 458 3772 labi
472 3725 563 3786 incipit,
579 3726 675 3772 multum

176 3794 213 3847 ,de
226 3795 355 3847 warentia
371 3796 476 3855 remittit,
493 3800 570 3846 Plaut.
585 3798 610 3857 iu
626 3798 675 3844 Ru·

177 3866 248 3919 dente
263 3868 293 3913 V.
310 3870 340 3917 3.
349 3871 390 3916 38.
404 3871 541 3931 ‘metaphora
557 3870 626 3917 ducta
643 3871 674 3916 ab

180 3939 260 3986 arbore
270 3955 321 4000 quse
332 3940 412 3988 multis
426 3942 518 3989 succisa
531 3942 615 3989 ictibus
628 3941 676 3990 rui·

177 4025 231 4065 ‚nam
239 4011 345 4059 minetur.
354 4029 375 4059 v.
384 4014 626 4061 Dcuat.chd.11.2.
635 4017 675 4061 31.

214 4080 289 4135 Victus
302 4101 347 4131 urio
357 4085 433 4148 verbo]
449 4086 561 4148 Apposite
572 4087 678 4148 Propert.

179 4155 238 4216 eleg.
254 4158 289 4204 11.
301 4160 324 4206 5.
337 4161 455 4220 requam
463 4157 538 4223 focile
546 4161 601 4206 irati
615 4159 678 4206 verbo

182 4237 412 4279 mounturomumes.
428 4232 461 4277 R.
473 4230 505 4278 D.

215 4305 247 4357 99
264 4301 370 4364 Eguituri
385 4319 411 4351 cs
426 4305 499 4352 cnirno
509 4304 586 4351 misera
601 4303 677 4367 dicei]

720 2347 761 2392 sed
773 2346 834 2407 quod
845 2346 899 2405 plus
908 2352 953 2399 est,
964 2360 1010 2391 rem
1017 2361 1026 2402 ‚·
1046 2353 1070 2391 et
1087 2360 1130 2390 uon
1148 2344 1218 2400 serio,
1281 2347 1286 2351 ’

719 2418 762 2465 sed
775 2419 834 2480 joco,
851 2432 865 2461 e
882 2417 992 2463 facilitate
1013 2417 1152 2478 praestantis.
1186 2418 1219 2463 Et

719 2489 817 2546 volanti,
828 2504 873 2535 non
884 2489 952 2536 etiam
963 2488 1053 2536 dixisti.
1085 2490 1218 2536 Mirandum

721 2562 864 2623 obsequium,
885 2578 915 2608 ex
932 2568 992 2609 uoto
1014 2560 1084 2608 enimi
1105 2562 1217 2621 pendeus.

721 2636 777 2681 Non
788 2641 909 2695 exspectat
914 2634 1049 2695 imperium:
1065 2651 1094 2681 ue
1105 2635 1218 2697 voluptati

720 2722 786 2754 more
806 2707 844 2762 sit,
864 2708 919 2754 dnm
937 2708 1037 2767 jubetur.
1075 2707 1133 2752 Tum
1151 2706 1219 2765 illud,

722 2778 784 2838 quod
795 2779 834 2835 sit,
843 2778 972 2843 perfecerit:
989 2796 1063 2831 nonne
1073 2781 1164 2842 pondus
1175 2781 1219 2841 lroo

722 2851 788 2898 verbi
799 2858 822 2898 et
832 2853 956 2911 potentiam
968 2853 1081 2899 Phaedrioe
1092 2854 1154 2901 circu
1164 2844 1220 2913 nmi-

723 2939 782 2980 oum,
799 2932 823 2971 et
832 2924 896 2971 illius
907 2924 1040 2985 obsequium
1052 2926 1184 2995 vehemens,
1196 2934 1221 2974 el

723 3012 800 3043 rerum
816 2996 971 3044 difficultatem
988 3012 1039 3059 quae
1055 3006 1153 3061 extorlae
1166 2999 1220 3054 sint,

722 3076 842 3124 monstrat,
858 3077 925 3130 utque
937 3085 1033 3125 omnem
1043 3070 1129 3117 obterit
1139 3087 1221 3133 quere·

721 3139 767 3187 lam
783 3141 912 3189 Phaedriae?
930 3143 962 3190 D.
1189 3175 1193 3183 -

755 3218 802 3262 101
818 3214 866 3278 Ego
875 3216 993 3276 impetrare
1001 3230 1083 3278 nequeo
1093 3216 1131 3263 boc
1141 3217 1178 3264 abr
1188 3219 1221 3281 te]

722 3286 758 3333 Tu
769 3285 860 3349 etjoco,
868 3294 892 3333 et
899 3302 943 3334 nou
952 3289 1039 3349 petisti,
1050 3305 1102 3337 oum
1116 3291 1221 3350 perfece-

721 3358 756 3406 ris
771 3366 853 3408 tamen.
869 3367 893 3406 ut
909 3376 952 3422 ego
972 3363 1016 3410 boc
1034 3361 1158 3424 inpetrare
1174 3378 1220 3409 uon

722 3446 824 3494 possum.
842 3433 873 3479 D.

755 3509 803 3552 102
820 3505 901 3553 &ilum
919 3515 948 3553 ut
961 3508 1064 3555 cormedus
1079 3508 1161 3573 solum]
1178 3513 1221 3557 Ar·

724 3584 780 3639 gnte
788 3578 889 3625 additum
898 3579 973 3625 saltem
983 3579 1090 3627 etrolum.
1114 3582 1146 3628 Et
1154 3583 1222 3637 bcue,

723 3651 836 3705 emresdus,
853 3656 878 3696 ut
898 3650 1021 3697 voluntatis
1039 3650 1082 3697 sit:
1109 3653 1143 3699 sic
1160 3654 1221 3704 enirn

724 3722 786 3770 dixit
804 3739 881 3784 supra,
900 3724 946 3769 sinc
964 3723 1030 3770 illum
1047 3726 1131 3785 micres
1147 3736 1223 3787 parrer

724 3793 785 3843 hosce
795 3796 879 3858 aliquot
890 3796 935 3842 diet
946 3797 1007 3857 opud
1020 3812 1054 3843 me
1068 3798 1162 3846 obtinere
1179 3808 1222 3862 (ox

723 3868 834 3915 memoria
842 3869 947 3916 laudavit
957 3885 1047 3916 uersum
1059 3873 1100 3918 71.
1110 3871 1172 3932 lege,
1183 3872 1223 3919 liu·

724 3940 796 4013 bere).
813 3943 845 3987 D.

759 4015 806 4060 103
826 4012 907 4059 Verum
919 4029 946 4060 ue
952 4013 1016 4075 fiant
1027 4016 1066 4061 isti
1075 4017 1155 4081 viginti
1166 4015 1222 4077 dies]

725 4085 811 4130 Fooele
831 4084 925 4131 biduum
945 4087 1101 4149 decuplarit:x
1116 4096 1140 4135 et
1156 4088 1222 4134 simul

726 4157 780 4218 quic
790 4173 820 4204 ex
831 4158 910 4204 eedem
926 4158 1013 4204 ratione
1027 4167 1080 4206 suut
1091 4160 1181 4220 viginti,
1193 4174 1222 4205 ex

727 4229 1223 4292 quedu030texqueviginti,dooeoti,duo

727 4300 1076 4373 fflQDfflQwfflDV
