2917 4950
504 451 584 517 -IN
622 449 865 518 EUNUCH.

1154 450 1223 516 321

168 634 239 715 Qui
254 635 340 699 bene
354 637 526 715 vertendo,
543 643 577 702 et
591 637 727 702 easdem
745 636 928 702 scribendo
941 638 1041 715 male,

169 747 225 812 Ex
239 747 373 812 Graecis
389 749 490 813 bouis
506 748 647 814 Latinas
663 748 746 811 fecit
758 747 827 812 n'on
841 749 970 835 bonas:

168 857 266 923 Idem
282 859 462 924 Menandri
476 860 629 925 Phasma
643 878 735 923 nunc
751 879 858 945 nuper
872 858 977 924 dedit.

166 967 281 1053 Atque
295 989 318 1032 a
331 968 510 1034 Thesauro
522 970 670 1055 scripsit,
687 988 828 1035 oausam
843 970 955 1035 dicere
1167 976 1220 1031 -to

167 1106 230 1166 quod
249 1104 273 1152 iu
291 1107 411 1161 Bembino,
434 1106 548 1154 Vaticano
565 1112 588 1154 et
606 1106 669 1166 apud

165 1177 324 1241 Euprapbium
346 1178 470 1240 reperitur,
490 1179 580 1226 Faeruo
603 1185 667 1229 recte

165 1252 283 1313 probatur.
300 1253 328 1298 B.
404 1277 406 1282 .

199 1325 216 1368 7
228 1323 275 1377 Qui
282 1322 453 1390 benemerito]
466 1320 534 1379 Bene,
542 1339 585 1385 pro
593 1324 668 1373 valde.

167 1393 199 1442 Er
207 1397 318 1451 vertendo,
329 1396 353 1443 in
365 1397 468 1459 linguam
478 1399 584 1445 Latinam
595 1403 669 1445 traus-

165 1468 267 1515 iereudo.
285 1469 390 1526 Plautus,
407 1472 474 1517 uertit
491 1470 584 1518 borbore
595 1470 670 1533 (legs,

167 1538 277 1586 Plautus:
296 1540 395 1588 Pluutns
409 1543 477 1589 vortit
488 1543 587 1590 harbure.
604 1543 668 1590 Tria.

169 1612 670 1678 Prol.19.)Autoertendc,corrumpeudo.D.

199 1684 259 1732 Bene
266 1694 349 1733 vertere
359 1693 395 1733 est
404 1686 503 1734 fideliter
510 1694 609 1744 vertere,
616 1704 668 1734 ver·

167 1759 221 1805 bum
233 1760 304 1806 verbo
314 1761 412 1824 ¹reddere
422 1776 435 1806 e
445 1762 529 1806 Graeco
539 1776 546 1817 ;
557 1760 581 1806 id
594 1760 670 1821 ipsum

168 1847 232 1887 vero,
242 1834 273 1879 ob
284 1832 404 1893 utriusque
416 1833 529 1880 sermonis
546 1832 670 1881 diverun-

168 1910 215 1950 tem
234 1912 271 1951 est
288 1905 345 1951 male
362 1906 455 1952 scribere
476 1904 565 1952 Latine.
591 1905 667 1952 Talem

70 1999 72 2001 ·
168 1977 235 2023 anxis
253 1977 324 2025 ddum
343 1977 493 2038 interpretem
509 1979 669 2039 egeratlrari·

169 2048 220 2094 rrius
231 2050 335 2096 lruscius.
354 2051 383 2096 B.

201 2120 408 2187 Easdescribendo]
425 2124 592 2184 Bentlciusex
610 2125 670 2171 anti·

170 2193 222 2253 quis
231 2193 298 2241 libris
307 2195 364 2257 legit
375 2199 415 2257 qui
422 2197 473 2243 bnre
484 2198 586 2244 metendo
596 2206 669 2245 strae

169 2264 407 2322 deraseribendomcte.
419 2269 548 2314 Sensusbic
559 2276 611 2316 est:
624 2271 669 2317 La·

170 2338 244 2394 rinius
260 2340 352 2387 Luscus
375 2341 434 2387 bene
450 2340 518 2387 nimis
532 2347 556 2386 et
570 2341 669 2388 fideliter

169 2413 283 2459 verbume
296 2414 367 2460 verbo
382 2415 494 2461 vertendo
506 2415 598 2462 easdem
609 2415 668 2461 mala

169 2484 263 2546 scripsit
277 2485 294 2531 i.
307 2501 328 2532 e.
340 2487 414 2533 malus
434 2487 535 2547 scriptor
557 2487 668 2535 Lavinius

170 2555 212 2603 suit
228 2558 308 2604 servili
319 2558 359 2604 illa
368 2558 488 2605 industria.
511 2558 667 2606 Bentleianam

168 2629 277 2677 rationem
292 2633 375 2692 probat
393 2634 508 2679 Gesnerus
524 2631 548 2678 in
560 2633 667 2679 thesauro

168 2701 208 2749 lat.
219 2701 275 2764 ling.
288 2719 310 2749 v.
323 2703 438 2751 describo.
457 2696 487 2749 Κ
505 2703 536 2751 Ι).

200 2776 216 2820 8
233 2773 268 2820 Es
285 2772 367 2822 Grecis
385 2775 455 2838 bend]
475 2775 571 2822 Hieron.
589 2775 613 2823 iu
624 2776 665 2822 lib.

169 2846 267 2907 Didymi
277 2846 307 2892 de
318 2848 342 2895 S.
354 2847 379 2893 S.
391 2845 464 2893 Iustu
485 2846 566 2893 Comici
582 2856 667 2895 senten·

169 2920 232 2976 tium,
252 2934 277 2967 er
289 2918 372 2967 Grecis
389 2919 449 2967 bonis
466 2919 553 2966 horre
566 2922 667 2968 vidincn

170 2991 227 3038 bone.
249 2993 279 3038 L.

200 3064 262 3112 Illud
275 3063 310 3111 Ec
320 3063 393 3126 priori
403 3079 492 3126 appone
503 3065 587 3111 versui.
605 3066 634 3111 B.

200 3141 216 3186 9
232 3136 296 3184 Idem
308 3137 432 3184 Menandri
443 3137 541 3185 Phasma
552 3154 615 3185 nunc
625 3154 669 3185 nu·

165 3224 206 3271 prr
221 3208 296 3270 dedit]
313 3207 342 3255 Ti
352 3205 405 3254 toci
421 3206 543 3278 (Erasmus
560 3209 669 3265 restitnit,

168 3281 308 3347 ipocrisis)
318 3287 413 3343 apparet
421 3282 604 3343 pronunciatum,
614 3297 668 3344 qua·

166 3354 186 3400 si
201 3355 246 3401 hoc
262 3354 315 3415 ipso
337 3353 482 3401 admonuerit
506 3360 668 3415 spectatorem,

168 3444 234 3489 quam
251 3428 353 3489 turpiter
362 3437 387 3475 et
404 3418 510 3489 imperite
527 3429 577 3475 lraec
592 3429 669 3475 fabula

168 3500 301 3562 scriptasit.
320 3501 591 3562 Etbeue,rmncnnper:
605 3508 668 3547 ntex

167 3575 288 3621 vicinitate
307 3573 365 3622 iacti
381 3574 489 3623 ,ostendat
500 3573 558 3619 nihil
570 3588 621 3620 esse
633 3573 665 3619 di·

167 3648 275 3703 cendum,
286 3660 356 3706 quam
366 3645 513 3706 displicuerit
523 3645 572 3692 lraec
583 3661 668 3692 comra-

169 3720 207 3767 dia
217 3721 247 3767 L.
258 3718 369 3766 baviuii:
386 3724 499 3782 praeterea
511 3720 571 3783 quod
583 3735 621 3765 res
631 3734 668 3766 re·

168 3808 222 3839 oeus
232 3792 272 3846 sit,
283 3798 308 3838 et
319 3806 397 3841 omnes
405 3791 559 3839 meminerint
570 3788 720 3839 ansma

718 1129 771 1162 esse
780 1095 910 1171 simularet.
932 1115 1036 1177 Cumque
1050 1114 1169 1162 transitum
1186 1113 1221 1160 iu-

718 1189 824 1235 tenderet
830 1188 969 1251 (obtenderet
976 1187 1018 1251 Z.)
1030 1189 1098 1235 sertis
1106 1187 1220 1233 nobonde

717 1258 791 1315 felici,
801 1275 851 1307 rem
863 1259 965 1308 divinam
976 1276 1039 1321 steps
1054 1258 1151 1313 faciens,
1165 1271 1220 1305 erc-

719 1332 826 1378 oabatad
839 1347 864 1378 se
876 1331 997 1393 virginem.
1016 1331 1086 1389 Quod
1102 1346 1154 1378 cunr
1172 1329 1220 1376 ani-

719 1397 883 1444 madvertisset
904 1396 1047 1453 adolescens,
1067 1395 1166 1457 primum
1184 1410 1220 1441 as·

719 1477 790 1531 pectu
806 1470 910 1531 pulolrrae
922 1469 1026 1530 virginis,
1044 1469 1109 1516 velut
1120 1461 1221 1515 numinis

719 1542 772 1589 risu
782 1543 912 1604 perculsus,
923 1541 1058 1589 exhorruit:
1076 1541 1137 1587 unde
1148 1535 1221 1586 Prn-

719 1629 756 1660 mu
768 1621 804 1661 est
815 1630 897 1661 nomeu
908 1613 999 1661 fabulas.
1012 1612 1098 1659 deiude
1108 1611 1220 1674 paulatim

717 1703 744 1734 re
755 1686 856 1747 cognita,
871 1686 958 1733 exarsit
974 1685 998 1731 iu
1010 1700 1109 1732 amorem
1119 1683 1219 1745 puellae:

720 1758 753 1805 ita
765 1765 791 1805 ut
801 1759 934 1805 remedium
939 1764 1009 1805 unte
1020 1756 1163 1818 cupiditatis,
1174 1756 1220 1802 uisi
1249 1755 1256 1762 “

720 1846 750 1876 ex
758 1830 856 1891 nuptiis,
866 1847 910 1877 non
916 1829 1063 1891 reperiretur.
1075 1829 1149 1875 Itaex
1156 1843 1219 1875 com·
1304 1891 1307 1897 Ι

719 1903 789 1948 modo
806 1902 886 1949 matris
906 1918 934 1949 ac
949 1900 1053 1963 uirginis,
1073 1907 1143 1947 etex
1165 1906 1219 1946 voto

719 1976 836 2031 amatoris,
853 1990 1010 2037 consensuque
1029 1973 1112 2037 patris,
1129 1972 1220 2035 nuptia-

718 2064 769 2095 rum
779 2049 934 2096 celebratione
949 2049 1017 2095 linem
1033 2047 1118 2108 accipit
1133 2046 1218 2093 tabula.

719 2121 804 2167 Utrum
815 2137 870 2184 ergo
880 2123 924 2167 boc
936 2121 1007 2176 dicat,
1017 2120 1088 2182 quud,
1104 2125 1175 2166 totam
1184 2120 1217 2165 la·

719 2192 1219 2248 bulumtranstereudo,laescritL-Larinius:
1277 2199 1282 2205 '

719 2262 1217 2328 auhoctantum,dequorepreheudatffls.

718 2338 799 2386 Hulst.
821 2339 903 2386 Boend.
923 2339 1172 2397 eted.Veuat.11490.
1192 2353 1219 2383 uc

717 2428 762 2458 non
784 2413 830 2467 hoe,
850 2413 877 2459 de
896 2427 939 2474 pso
960 2419 1048 2457 tentans
1064 2409 1217 2471 reprehendar.

718 2484 789 2533 Forte
800 2484 876 2531 locum
889 2490 1021 2544 corruptum
1030 2483 1063 2529 sic
1070 2481 1216 2533 restitueris:

717 2573 748 2603 en
760 2557 800 2605 hoc
811 2565 900 2603 tuntum
912 2556 980 2612 duat,
990 2571 1035 2602 non
1047 2570 1089 2617 qno
1099 2553 1218 2614 repreben-

717 2629 767 2685 dct,
781 2629 818 2675 red
829 2627 862 2675 bis
877 2629 946 2690 signis
956 2627 1009 2674 velit
1017 2626 1137 2681 onnrdcre,
1149 2640 1216 2688 pacm

716 2704 777 2750 dicut
785 2699 928 2764 vitiosadto.)
940 2700 980 2746 sed
989 2700 1024 2745 bis
1033 2699 1105 2759 signis
1114 2697 1172 2744 velit
1180 2710 1218 2743 os·

716 2775 821 2830 tendere,
830 2789 898 2834 quem
914 2772 979 2831 dicat
989 2771 1072 2818 vitiose
1083 2771 1216 2816 thesaurum

717 2847 890 2909 composuisse:
901 2852 928 2892 ut
937 2846 961 2892 iu
971 2846 1079 2892 thesauro
1091 2842 1122 2890 sit
1138 2840 1217 2902 culpa,

717 2936 764 2966 non
775 2920 798 2966 iu
815 2916 949 2980 phasmate?
967 2915 1036 2964 Nunc
1053 2930 1125 2976 nuper
1143 2913 1216 2978 dedit]

718 2991 806 3054 Nuper,
823 3007 854 3038 ex
863 2990 910 3037 illis
922 2989 999 3036 verbis
1011 2996 1047 3035 est
1049 3003 1115 3047 ,quas
1126 2993 1219 3034 veteres

717 3070 813 3125 propter
832 3060 1007 3122 ambiguitatem
1025 3075 1078 3106 cunr
1089 3058 1218 3119 adjectione

713 3137 869 3203 vproterebant.
893 3133 953 3180 Nam
970 3130 1017 3179 nisi
1033 3132 1130 3179 adderet
1145 3146 1219 3178 nnnc:
1253 3183 1258 3187 ,

718 3209 762 3256 boc
773 3223 853 3269 anper,
864 3205 928 3263 olim,
939 3205 1038 3266 pridem,
1056 3205 1136 3264 etjam
1148 3201 1219 3265 sigui·

718 3282 816 3333 tenen
833 3279 895 3330 Idem
913 3278 1036 3328 Menandri
1047 3275 1143 3324 Phasma
1157 3290 1219 3323 rrnnc

718 3370 789 3416 nuper
799 3353 880 3416 dedit]
888 3352 972 3418 (verba
982 3350 1103 3412 sequeutia
1108 3364 1152 3396 nou
1164 3353 1218 3397 sunt

719 3425 820 3491 Donati)
838 3427 906 3472 Hauc
923 3423 1022 3471 fabulam
1034 3429 1105 3468 totam
1116 3424 1218 3476 damnat,

718 3507 745 3548 ut
760 3506 864 3563 apparet,
878 3497 985 3545 silentio:
1007 3495 1140 3541 thesaurum
1150 3509 1217 3549 vero,

717 3588 764 3619 nou
774 3579 856 3626 totum,
865 3570 906 3617 sed
917 3585 948 3616 ex
958 3570 1006 3614 uno¹
1015 3567 1075 3614 loco.
1087 3565 1127 3630 (lu
1138 3568 1217 3613 Dona·

717 3644 737 3690 ti
748 3645 811 3690 Msto
822 3641 899 3703 reperi
911 3641 1024 3696 additum,
1033 3641 1095 3695 item,
1104 3639 1130 3685 id
1138 3646 1177 3694 est,
1190 3639 1217 3685 ri-

716 3716 807 3763 militer.
820 3713 863 3775 B.)
882 3714 914 3760 D.

749 3786 812 3835 idern
828 3786 950 3834 Menandri
958 3783 1058 3832 Pharna
1073 3797 1134 3830 norae
1144 3798 1218 3844 nuper

168 3872 244 3916 autem
254 3879 338 3910 nomeu
349 3870 385 3911 est
395 3864 479 3910 fabular
492 3863 622 3911 Menandri:
642 3863 668 3909 iu
717 3861 791 3924 dedit]
802 3861 876 3909 Aliter
884 3859 956 3925 func
968 3856 1146 3906 uomenlabulae
1154 3855 1217 3920 fona

169 3952 214 3997 qua
234 3951 335 3983 noverca
358 3930 497 4005 superducta
519 3935 667 3990 adolescenti,
718 3942 762 3981 est.
779 3935 811 3982 Et
830 3935 888 3981 bene
903 3931 994 3979 addidit
1012 3928 1073 3976 etune
1092 3942 1172 3989 nuper,
1190 3934 1218 3975 ut

169 4009 292 4069 virginem,
302 4023 410 4067 quamcx
421 4008 498 4055 ricino
510 4008 611 4070 quodam
615 4023 668 4053 con·
717 4009 803 4054 crimen
814 4005 885 4062 istud,
903 4005 964 4066 quod
984 4003 1074 4063 objicit,
1091 4016 1137 4047 non
1153 3999 1218 4060 longi

170 4086 274 4142 ceperat,
283 4079 363 4126 furtim
374 4080 488 4135 eductam,
507 4095 558 4126 cum
574 4079 669 4125 baberet
718 4080 839 4141 temporis,
848 4079 891 4126 sed
900 4085 925 4124 ut
934 4092 1015 4123 recens
1023 4088 1133 4122 memoria
1139 4073 1217 4120 videa

169 4152 192 4198 iu
211 4151 309 4198 latebris
329 4152 390 4212 apud
408 4152 510 4209 vicinum
529 4151 668 4212 proximum,
719 4159 757 4200 tur
768 4150 857 4214 peccati
869 4167 928 4198 esse
945 4148 974 4197 E

168 4226 212 4271 boc
222 4225 291 4272 modo
303 4240 381 4273 secum
392 4225 492 4272 babebat
502 4224 596 4270 assidue
607 4223 670 4269 nullo
751 4226 789 4272 Ne
808 4231 870 4272 totus
890 4237 972 4270 uersus
990 4222 1063 4268 instar
1081 4234 1156 4267 arenae
1167 4219 1217 4266 sine

170 4296 277 4344 conscio:
298 4297 418 4358 parietem,
444 4296 484 4358 qui
501 4297 591 4342 medius
610 4295 671 4341 inter
720 4277 835 4353 calcesit,
847 4297 910 4357 lege,
919 4298 972 4343 item
983 4302 1017 4349 nt,
1034 4293 1077 4340 &o
1090 4293 1113 4338 b.
1124 4308 1145 4338 e.
1157 4292 1232 4339 simi-2

171 4369 261 4415 domum
275 4368 352 4416 mariti
364 4385 390 4415 ac
403 4369 473 4415 ricini
466 4368 566 4423 tuerat,
576 4368 609 4414 rta
618 4383 670 4429 per
720 4373 783 4431 tien,
789 4386 824 4418 αι,
837 4372 864 4417 B.
913 4387 915 4390 ⁴

171 4440 235 4497 ledit,
246 4441 289 4486 ut
282 4457 306 4487 ιιι
317 4442 370 4506 ipsc
380 4441 476 4489 transitu
488 4455 577 4489 sacrum
594 4440 670 4488 locum
754 4439 785 4482 1⁰
797 4436 901 4499 Atqnenr
908 4433 1033 4482 Thensauro
1040 4429 1219 4490 scriperem

204 4521 294 4565 'sormi
683 4521 726 4565 ts
