2917 4950
411 470 596 534 vrorou
619 470 681 532 nn
702 469 953 533 connum.
1132 455 1186 535 nl·

191 654 277 714 fidern
286 640 477 713 absolvamus.
521 640 680 713 Comoediae
693 674 799 713 nomen
812 673 831 713 a
844 645 992 712 Doemone‘
1003 652 1096 714 Como
1109 644 1177 714 r'eiiss

123 782 125 785 ·
192 753 272 832 giose
289 751 446 810 admodum
466 749 635 809 arbitramur
655 770 721 810 esse
741 751 906 821 deductum,
928 741 1062 828 quoniam
1083 763 1112 811 et
1126 740 1175 813 δι’·

193 867 309 908 messan
301 847 366 906 de
371 846 486 906 nomine
497 845 607 906 dictum
621 847 810 906 Philostratus
825 846 955 917 affirmat,
971 851 1055 941 cujus
1066 847 1177 909 scilicet

194 943 316 1003 numinis
339 943 510 1003 dexteritate
537 943 675 1022 quaelibet
699 943 863 1003 hominibus
887 942 982 1002 fausta
1006 945 1192 1005 comessatio·

196 1041 320 1100 daretur.
370 1039 449 1106 Quid
470 1030 567 1099 autem
590 1040 628 1099 ‘sir
652 1032 816 1133 comessari,
838 1034 1060 1099 Philostratus
1051 1032 1178 1119 imagine

196 1136 278 1197 Comi
290 1136 401 1195 facilius
415 1135 477 1208 tibi,
492 1155 579 1216 quam
594 1154 651 1214 ego
667 1128 784 1215 possim,
799 1128 1016 1207 demonstrabit,
1030 1136 1080 1197 ubi
1088 1137 1179 1216 fingit

194 1254 258 1293 eum
272 1233 455 1293 fervescente
468 1252 547 1292 mero
560 1233 695 1313 supinum
715 1233 879 1304 domitare,
900 1233 1035 1314 facieque
1055 1254 1116 1314 proe
1134 1236 1178 1293 ni:

194 1330 250 1389 mio
263 1341 334 1409 potu
348 1318 531 1402 scintillante,
549 1330 695 1389 rhonchos
715 1331 751 1388 ab
775 1330 834 1389 imo
851 1341 972 1409 pectore
991 1341 1113 1392 stertere
1127 1333 1179 1394 de'·

194 1428 357 1487 ducentem.
405 1426 569 1505 Utriusque
590 1446 659 1485 vero
681 1446 769 1486 sexus
791 1428 932 1499 homines,
958 1429 990 1487 id
1014 1430 1094 1508 quod
1116 1431 1180 1510 ipse
1261 1438 1264 1451 “

195 1524 345 1595 desiderat,
366 1523 508 1602 gregatim
520 1524 647 1582 vestibus
659 1524 838 1603 permutatis,
852 1524 1011 1604 plausuque
1026 1514 1179 1601 concinno,

194 1641 250 1701 quo
268 1621 394 1680 maxime
407 1629 525 1699 possunt
546 1619 632 1698 genio
652 1620 813 1699 indulgere.
854 1620 941 1687 Quod
959 1622 1052 1700 ipsum
1074 1623 1103 1681 in
1123 1624 1181 1684 hac

158 1798 164 1805 .
193 1708 263 1777 urbe
276 1717 381 1796 saepius
396 1717 500 1787 vidisti,
516 1736 604 1796 quum
622 1716 758 1775 mimariae
777 1718 819 1794 (ut
834 1718 925 1794 ajunt)
947 1717 1112 1778 saltationes
1125 1720 1180 1800 hy-

193 1813 290 1874 bernis
303 1812 434 1872 noctibus
448 1812 673 1882 debacchantur,
688 1834 754 1892 quoe
767 1814 972 1873 teste'Pollnce
987 1815 1121 1894 sipiares
1130 1820 1181 1896 ap‘-

194 1910 294 1991 pellari
320 1920 507 1970 consuerunt.
549 1908 618 1968 Noli
641 1907 729 1987 igitur
747 1910 799 1969 eos
823 1900 933 1982 audire,
955 1912 1004 1989 qui
1024 1915 1179 1973 comessari

195 2008 302 2068 dictum
315 2017 420 2086 putant
433 2006 546 2085 abesu,
567 2005 738 2084 quoniame
758 2007 879 2085 simplici
898 2008 1062 2066 necessario
1075 1998 1186 2069 scriba

196 2116 280 2176 retur,
306 2124 363 2164 nec
387 2124 472 2164 secus
493 2102 597 2163 eruditi
621 2104 888 2163 veterum‘codices
910 2105 1060 2165 haberent
1101 2105 1180 2166 Nam

197 2202 333 2263 Graecum
349 2200 419 2260 illud
433 2202 559 2280 κωμάζοι,
571 2192 816 2281 quemadmodum
829 2222 845 2259 z
864 2201 969 2261 litterae
987 2202 1090 2262 natura
1104 2203 1180 2264 desi·

196 2301 287 2370 derat,
302 2299 410 2379 duplici
424 2319 452 2358 ss
470 2298 576 2357 Latine
598 2297 715 2377 quidem
734 2307 894 2370 annotatur,
916 2298 1000 2357 sicuti
1020 2303 1179 2378 φιλιππιζω,

195 2397 357 2492 philippisso
371 2406 425 2456 est.
466 2396 513 2455 Ita
533 2396 657 2475 supplic
678 2394 759 2472 quasi
780 2394 952 2474 κωμαζφδία,
974 2394 1111 2453 videlicet
1135 2416 1182 2455 co·

172 2571 176 2576 η
196 2496 377 2570 messentium
392 2493 538 2551 bominum
552 2492 704 2551 cantilena.
746 2494 819 2558 Quae
838 2493 1008 2550 Graecorum
1027 2501 1057 2550 et
1070 2492 1181 2567 Donati

194 2591 336 2652 sententia
348 2590 470 2649 maxime
483 2589 599 2668 placet3
619 2609 707 2680 quum
725 2586 884 2664 praesertim
903 2586 1113 2646 doctissimus
1104 2591 1181 2681 quis·

195 2707 252 2797 que
265 2686 410 2747 fateatur
401 2706 431 2743 ιιι
445 2677 628 2764 Dionysiacis
646 2674 901 2743 comessationibus
914 2684 944 2743 id
958 2704 1049 2763 genus
1064 2705 1181 2764 poema-

195 2769 731 2843 tisaveteribusfuissecelebretum.
771 2781 885 2840 livero
904 2767 974 2838 mihi
994 2782 1074 2842 nullo
1093 2786 1184 2863 pacto

193 2880 317 2940 blandiri
330 2888 460 2958 possunt,
475 2877 524 2956 qui
539 2897 645 2936 nomen
650 2871 712 2936 hoc
722 2879 778 2938 ἀπὸ
792 2889 846 2938 τῶν
853 2889 956 2957 κωμῶν
964 2878 1100 2940 derivare
1112 2883 1182 2941 con·

195 2965 327 3047 tendunt,
356 2975 492 3054 quoniam
514 2973 705 3033 Athenienses
730 2975 818 3054 (apud
842 2995 915 3054 quos
938 2987 1035 3036 natam
1057 2977 1129 3049 fere,
1151 2989 1181 3038 et
1266 2961 1271 2970 ¹

196 3086 308 3136 aucum
321 3093 383 3134 esse
399 3071 578 3133 Comoediam
592 3089 678 3130 nemo
689 3073 820 3162 ambigit)
835 3062 938 3151 δήμοις
951 3081 1103 3133 coemunt
1093 3077 1182 3153 ‚quae

105 3189 110 3199 ·
197 3174 232 3232 ab
245 3173 307 3232 aliis
321 3196 408 3251 κωμαι
421 3161 544 3228 fuissent
557 3168 721 3247 appellatae.
754 3159 909 3229 Enimvero
924 3170 995 3264 illud
1010 3191 1099 3261 unum
1112 3171 1182 3230 mihi

196 3271 343 3349 negotium
363 3268 444 3338 facit,
466 3287 504 3326 ne
523 3266 636 3326 scilicet
657 3267 779 3326 Comum
799 3267 874 3326 ἀπὸ
875 3277 930 3325 τῶν
950 3275 1046 3347 κωμῶν
1067 3263 1184 3329 Graecia

183 3349 320 3426 'dixeritr
341 3364 584 3443 quemadmodum
601 3364 725 3424 Romani
742 3365 767 3424 F
767 3364 940 3423 omacaliam
956 3364 1075 3422 servatis
1089 3364 1125 3423 ab
1139 3364 1187 3422 in·'

199 3451 617 3524 cendiocoluerefornacibus:
632 3449 1185 3539 etRobigum3siveRubigiuem,atque

201 3559 449 3648 ahoseomplures,
465 3559 599 3638 aquibus
618 3567 776 3636 praeessent
793 3547 881 3617 rebus
895 3556 1086 3636 appellavere.
1127 3558 1183 3617 Ut-

202 3674 312 3736 cunque
333 3668 432 3715 tamen
457 3674 520 3715 sese
545 3675 592 3714 res
616 3654 731 3746 babeat,
753 3645 814 3733 rapi
837 3655 868 3714 τὸ
893 3654 1026 3732 κωμάζειν
1046 3651 1185 3731 appellari

202 3752 379 3812 Comoediam
394 3751 521 3811 affirmo:
542 3752 678 3846 quoniam
698 3750 752 3809 etsi
769 3752 875 3830 περὶ
849 3775 899 3816 τας
920 3757 1014 3828 κώμας
1034 3748 1182 3809 dicatur
1169 3775 1184 3810 ο

201 3861 298 3930 κῶμος,
311 3862 409 3909 tamen
429 3850 466 3908 ab
489 3868 525 3906 eo
530 3847 575 3908 τὸ
594 3849 736 3926 tundirin,
754 3846 832 3906 unde
851 3845 977 3926 κωμῳδία
995 3844 1077 3924 quasi
1098 3833 1185 3926 cuph·

201 3949 303 4015 ζόντων
320 3946 374 4026 pila
394 3945 569 4005 nominatur.
612 3946 723 4005 Verum
744 3955 780 4002 ex
801 3942 865 4021 ipso
882 3943 944 4019 jam
963 3941 1079 4001 nomine
1093 3942 1188 4022 patuit

198 4061 333 4121 quaenam
348 4040 478 4102 definitio
498 4040 590 4121 possit
605 4038 763 4100 Comoediae
777 4037 940 4109 convenire,
955 4029 1189 4117 ἱιιιιειιιιιὸιιιοει
1293 4054 1301 4066 “

201 4138 400 4198 demulcendis
412 4138 561 4199 hominum
580 4129 732 4209 mentibus,
747 4135 985 4213 excudendisque
1005 4136 1186 4214 potissimum

203 4236 349 4296 cachinnis
363 4235 621 4296 accommodatum.
657 4235 726 4294 Hoc
739 4233 833 4292 innuit
847 4223 995 4310 Virgilius,
1011 4242 1040 4291 et
1049 4229 1091 4291 illi
1103 4233 1186 4293 Gre-

204 4350 310 4404 comm,
333 4332 383 4412 qui
397 4322 533 4392 ’Θᾶλὲιαν
552 4333 670 4392 Musam
695 4330 812 4392 comicis
832 4330 989 4408 presidere
1007 4329 1185 4391 cecinerunt.

203 4430 276 4496 Quae
289 4418 402 4491 icilicet
415 4428 523 4490 festivis
537 4429 679 4509 pullulans
690 4428 775 4506 iocis,
789 4428 828 4488 ad
841 4427 929 4487 risum
943 4446 1035 4505 usque
1049 4428 1186 4486 delectet.
