2917 4950
258 463 335 527 amr
427 535 431 541 ¹
570 457 679 521 nan.
700 453 938 519 ua1us1us

251 640 524 707 {Nem'M‘ercurius
545 639 760 720 Amphitryone
780 649 812 699 ct
831 636 957 716 Jupiter,
971 632 1021 694 dii
1038 642 1125 693 stant:
1144 631 1250 711 quibus

161 794 164 797 .
251 741 356 803 »orama
368 738 502 810 conced,
517 737 605 798 edam
614 736 674 808 hic,
687 737 793 796 soleat.
824 737 923 802 Quare
936 732 1085 793 innumere
1097 730 1129 789 si
1141 729 1251 804 dim

258 846 460 916 nonpossunt.
490 833 551 895 Ubi
565 831 1004 911 enim‘diiagunacessatrstio
1036 827 1250 894 Qstidrisenira

257 953 344 1013 posse
362 952 423 1002 eos,
445 949 532 990 namo
554 940 608 1000 est,
632 928 699 1007 qui
695 949 762 989 non
781 928 934 1006 intelligat.
974 926 1011 986 Ιιι
1032 924 1181 994 Terentio,
1202 922 1251 983 cui

257 1027 666 1089 soliartemFlaocusnoster
682 1022 1020 1104 assignaritailriltale.
1061 1019 1249 1085 Omnium

252 1125 376 1203 judicio,
400 1144 468 1185 cum
488 1123 609 1194 retinam
633 1122 852 1202 circumspecte,
876 1141 916 1181 ex
936 1131 1011 1189 arte,
1031 1129 1063 1178 et
1082 1098 1151 1177 oum
1168 1136 1251 1177 cura.

257 1223 336 1283 Nam
349 1232 380 1283 et
392 1221 520 1281 tabulae
511 1220 655 1299 insignem
671 1219 735 1280 fere
753 1239 820 1279 cnm
833 1217 981 1298 agnitione
993 1214 1183 1275 montonem
1199 1215 1251 1274 lta·

256 1320 328 1379 beat
336 1320 349 1378 ι’
366 1317 522 1397 quainter
536 1321 586 1384 τὰς
599 1321 638 1395 μὴ
652 1318 749 1383 ἁπλᾶς
767 1317 828 1377 sire
841 1316 1043 1394 ’πεπλεγμέναι
1056 1332 1121 1373 esse
1134 1311 1251 1392 perfac-

256 1415 380 1477 animm
393 1433 516 1474 necesse
528 1424 583 1474 est.
616 1413 718 1485 Qualis
731 1423 762 1471 et
772 1412 803 1471 in
815 1413 927 1490 reliqua
938 1409 1049 1489 ubique
1062 1407 1251 1488 dispositione

256 1523 313 1575 est.
354 1512 443 1578 Quod
454 1512 495 1571 ad
506 1509 665 1571 (Ιίεῆοιιιιιιι
677 1519 785 1580 autem,
804 1508 868 1588 quis
887 1506 1017 1586 negabit,
1035 1504 1172 1585 quaedam
1184 1520 1251 1564 esse

254 1610 288 1669 in
303 1609 418 1680 Plauto,
437 1628 503 1686 quoe
523 1628 580 1668 nec
599 1608 697 1669 locum
718 1617 802 1666 extra
823 1624 952 1676 scenam,
975 1622 1074 1683 neque
1093 1621 1178 1661 usum
1197 1598 1252 1660 nin'

256 1706 332 1766 inter
343 1704 499 1764 histriones
510 1703 641 1764 habent?
669 1703 759 1763 Unde
772 1703 836 1763 solo
854 1712 885 1761 et
897 1701 1006 1779 exigno
1019 1697 1123 1759 theatri
1139 1696 1251 1757 ambitu

256 1800 542 1861 circumscribuntur.
584 1799 664 1859 Nam
676 1810 708 1860 ct
717 1800 904 1876 ἀγωνιστικὸν
916 1799 948 1857 in
959 1798 1035 1869 foro,
1048 1814 1144 1875 neque
1156 1794 1251 1855 ιιιὶιιιιιι

257 1897 403 1979 appuis,
418 1896 478 1955 sire
487 1896 626 1955 usitatum
638 1896 669 1953 in
678 1894 835 1955 scribendo
842 1895 1051 1964 characterem,
1062 1893 1152 1971 longe
1162 1910 1252 1952 exaa-

256 1995 348 2053 dunti
368 2012 428 2071 quo
441 1992 550 2070 'ubique
563 2011 648 2060 nova,
662 2001 693 2050 et
707 1991 772 2067 jam
785 1991 950 2061 emendata,
963 1989 1084 2070 respicit
1096 1986 1251 2048 comoedia.

258 2091 357 2156 asne
378 2088 473 2147 Varro
496 2108 562 2148 cum
583 2088 725 2148 sermonis
747 2087 865 2146 laudem
884 2087 935 2145 illi'
948 2086 1058 2157 tribuit,
1079 2085 1159 2147 idem
1172 2084 1251 2165 quod

258 2185 368 2262 ubique
381 2184 411 2242 in
424 2184 550 2263 scriptis,
564 2184 790 2263 quanti'facerat
803 2184 1015 2263 antiquitatem,
1028 2182 1195 2263 profitetur:
1217 2192 1252 2241 ut

259 2280 309 2359 qui
322 2283 357 2341 τὰ
368 2282 604 2360 ἀπηρχαιωμένα,
618 2301 685 2359 quaa
702 2280 733 2340 in
752 2282 858 2342 Plauto
877 2281 983 2362 partlm
1001 2301 1096 2341 oevum
1113 2300 1172 2359 quo
1185 2279 1252 2339 hoec

198 2369 200 2374 ’
257 2376 382 2456 scripsit,
397 2377 502 2456 partim
516 2396 582 2455 quae
596 2373 742 2457 plerisque
754 2380 863 2459 placet,
876 2379 939 2459 ipsa
953 2378 1049 2439 desita
1065 2386 1188 2437 excusat
1201 2395 1253 2436 an·

257 2473 385 2553 tiquitas,
401 2473 594 2534 commendat.
636 2473 725 2535 Unde
739 2478 845 2558 etipse
864 2478 914 2557 qui
931 2477 974 2537 sic
990 2474 1144 2554 judicavit,
1161 2484 1195 2533 ut
1208 2473 1253 2532 ni·

257 2572 348 2631 mium
361 2571 538 2652 antiquitatis
551 2572 582 2629 in
596 2572 752 2632 scribendo
770 2575 925 2645 studiosus,
939 2593 1037 2652 neque
1050 2572 1119 2632 satis
1132 2571 1188 2630 aevi
1206 2570 1251 2646 sui

257 2661 378 2742 memor,
392 2669 487 2729 Varro
502 2671 539 2728 ab
554 2669 679 2749 antiquis
693 2669 801 2731 criticis
810 2682 941 2730 notatum
978 2663 1114 2736 Quicum
1126 2667 1253 2738 sentiant

257 2768 308 2839 sic,
319 2767 531 2844 judicansque:
552 2765 635 2824 nobis
646 2767 695 2844 qui
705 2768 743 2826 ab
757 2768 812 2826 illis
822 2768 927 2826 merito
936 2767 1108 2847 pendemus,
1117 2766 1254 2846 equidem

259 2864 418 2923 tacendum
439 2882 516 2922 reor,
566 2861 677 2921 Auctor
704 2863 742 2921 de
769 2863 862 2922 causis
888 2862 1062 2941 eloquentiae
1090 2874 1252 2942 canuptoe:

259 2961 401 3020 Neminem
409 2961 546 3019 mamiaalro
553 2984 566 3028 ,·
580 2981 667 3038 genus
677 2960 938 3038 imminumsignasoe
948 2967 1106 3019 conteritur:
1123 2958 1254 3017 seductis

258 3060 351 3137 utique
361 3067 504 3117 uniantur
517 3065 580 3114 ame
591 3058 688 3129 oculor,
703 3057 749 3134 qui
761 3056 895 3114 Lucilium
905 3076 958 3133 pra
968 3056 1098 3127 Horatia,
1113 3065 1141 3115 et
1154 3055 1254 3115 Lucre·

259 3157 327 3214 tium
337 3176 389 3231 pro
406 3154 522 3232 Virgilio
535 3154 636 3230 legant,
650 3153 745 3230 quibus
759 3154 907 3229 eisquemtia
920 3154 962 3211 tui
976 3153 1082 3228 Aspidii
1095 3153 1188 3223 Bassi,
1203 3137 1253 3210 aut
1284 3157 1289 3165 '

259 3250 370 3310 Seruilii
388 3250 513 3309 Noniani
528 3271 560 3307 ea
577 3251 777 3325 comparatione
795 3248 912 3307 Sisenna
925 3257 974 3307 aut
996 3249 1137 3323 Varronis,
1152 3251 1251 3309 sordet.

260 3348 348 3415 Quod
367 3366 406 3406 ex
424 3346 543 3405 vocibus
565 3346 690 3425 antiquis
708 3355 799 3425 patet,
820 3365 893 3424 quas
914 3364 954 3405 ex
973 3344 1054 3406 libris
1075 3348 1140 3424 ejus
1159 3344 1255 3405 critici

258 3441 404 3524 legerunt,
431 3462 498 3501 cum
518 3463 576 3501 non
593 3462 688 3522 pauca
707 3442 764 3501 alia
784 3462 823 3502 ox
844 3442 957 3523 scriptis
976 3445 1039 3520 ejus
1059 3441 1120 3522 peti
1134 3442 1253 3522 possint.

257 3539 392 3622 Ideoque
406 3540 522 3610 Cicero,
545 3540 647 3620 quide
666 3539 760 3600 aetatis
780 3560 840 3599 suae
860 3548 891 3599 et
909 3558 1044 3599 sermone
1057 3550 1088 3599 et
1099 3531 1253 3599 venustate

177 3641 182 3648 '
257 3639 383 3699 maxima
397 3657 464 3698 cum
477 3657 546 3697 cura
563 3637 729 3716 judicabat,
744 3635 860 3695 laudem
880 3636 957 3697 hanc
977 3636 1118 3696 Terentio
1131 3635 1255 3696 cessisse

258 3734 363 3794 merito
381 3733 562 3813 pronunciat.
606 3719 656 3794 si‘c
670 3734 747 3792 enim
766 3733 804 3792 nd
818 3732 968 3792 Atticum:
991 3732 1106 3791 Secutus
1121 3729 1255 3810 summan

260 3832 320 3890 dica
343 3830 478 3889 Catilium
488 3854 500 3897 ‚·
521 3850 606 3890 mane
627 3841 660 3889 ut
681 3850 718 3890 ex
739 3842 828 3910 portu
848 3829 877 3887 in
900 3830 1061 3904 Piraeeum:
1083 3833 1169 3889 maias
1186 3830 1255 3889 euim

261 3923 426 3985 Latinitatis
447 3935 542 3984 auctor
567 3935 629 3984 est:
658 3928 706 3984 sed
731 3926 893 3997 Terentium,
918 3929 996 4004 cujus
1013 3925 1126 4005 fabella
1142 3935 1256 4004 propter

260 4024 423 4102 elegantiam
433 4023 570 4095 sermonis,
581 4024 751 4100 putabantur
763 4044 781 4081 a
791 4022 875 4081 Latia
888 4019 985 4080 scribi:

455 4161 515 4210 Heri
527 4161 615 4224 aliquot
625 4162 791 4210 adolescentuli
801 4163 891 4210 coimus
901 4163 926 4209 in
937 4163 1060 4238 Piraeeum.

261 4283 303 4343 lli
318 4281 435 4344 Servius
447 4284 626 4364 proprietate
640 4284 755 4347 ceteris
764 4286 945 4367 propositum
958 4284 1037 4346 hune
1051 4294 1144 4344 notat.
1168 4283 1254 4344 Idam

260 4382 299 4442 tle
312 4377 473 4457 mentita,
486 4401 559 4462 quat
574 4383 666 4445 διανοί
654 4389 713 4452 lac
722 4394 840 4457 vocant,
856 4382 980 4462 judicari
993 4392 1101 4462 potest.
1142 4381 1256 4456 Omnes
