2917 4950
151 506 153 510 ,
252 420 336 483 um
579 418 642 485 nn
674 415 924 483 recurro.
1032 390 1035 393 ’

254 621 313 680 que
327 601 406 662 dono
419 598 559 671 dabutur,
571 610 605 659 ιιι
617 598 753 660 libentius
763 597 896 675 jncundo
911 593 992 659 vocis
1005 592 1084 653 flexu
1096 591 1136 653 sd
1149 591 1254 652 dulce·

198 720 200 725 ·
249 699 357 775 ¹(linum
372 696 629 758 commentationes
641 695 780 777 populum
793 695 953 755 allicerent.

297 780 473 873 Agebantur
483 794 633 855 comoedire
645 805 677 854 et
689 792 841 872 eagoediae
851 791 948 872 apud
940 785 1187 850 vetustissimosin
1199 786 1253 845 bo-

256 911 358 950 norem
371 889 455 951 liberi
465 890 630 969 patris.1n
643 889 732 950 ltalia
742 889 867 970 primum
879 898 954 947 actae
967 895 1035 945 sunt
1049 880 1254 962 Compitelitiis

255 986 385 1065 ludicris,
413 988 535 1048 admisto
556 987 800 1067 pronunciationis
824 985 954 1055 modulo,
982 1002 1050 1062 quo,
1075 981 1145 1040 dum
1169 989 1254 1039 actus

258 1084 521 1159 commutabantur,
542 1084 667 1164 populus
677 1083 869 1144 demeretur.
911 1078 1197 1157 Compitalitiiautem
1209 1076 1254 1134 lu·

250 1178 289 1239 ,di
303 1179 386 1251 dicti,
407 1179 456 1258 qui
467 1199 521 1258 per
531 1180 659 1258 compita
671 1179 800 1251 fiebant;
821 1195 978 1254 scenaque
996 1174 1121 1235 ductiles
1133 1172 1163 1243 in
1175 1172 1254 1252 plos-

258 1274 310 1335 tris
325 1276 363 1333 ob
375 1273 407 1336 id
418 1260 742 1353 untiquis'excogitatre.
783 1274 893 1343 Postea
903 1291 974 1333 sero
986 1271 1107 1340 factum,
1127 1281 1161 1329 ut
1178 1269 1257 1329 ludis

258 1370 393 1452 publicis,
412 1381 444 1434 et
462 1368 493 1431 in
512 1370 628 1430 theatro
648 1379 805 1449 agerentur
825 1389 909 1429 noroe
926 1367 1078 1428 comoediae
1096 1356 1175 1447 apud
1192 1366 1256 1426 Ro·

260 1487 373 1529 manos.

300 1565 393 1624 Ludos
412 1564 560 1654 vocabunt¹
576 1556 693 1644 publica
711 1563 888 1644 spectacula,
916 1581 982 1642 qum
1001 1571 1065 1622 tum
1082 1559 1115 1620 in
1134 1560 1256 1640 gratiam

260 1660 362 1740 populi
376 1660 439 1722 fieri
460 1661 620 1722 solerenta
635 1672 750 1736 senatu,
771 1671 801 1721 et
821 1679 841 1720 a
860 1658 1037 1739 principibus
1056 1657 1189 1729 instituti,
1209 1659 1258 1725 vel

254 1756 440 1825 ¹edfavorem
452 1758 553 1837 populi
564 1758 777 1837 conciliandum
786 1759 831 1839 (ut
840 1752 994 1817 nonnullos
1008 1755 1140 1815 Caesares
1152 1753 1258 1816 fecisse

253 1853 396 1933 legimus)
420 1855 465 1915 vel
488 1855 528 1915 ad
549 1855 942 1921 animorum'relaxationem
965 1862 997 1912 et
1019 1851 1257 1912 oblectationem.

260 1950 362 2013 Multo
372 1951 465 2029 magis
478 1951 518 2011 ad
527 1951 698 2030 religionem
709 1949 831 2011 instituti
843 1960 912 2012 sunt
923 1947 995 2008 ludi.
1017 1938 1023 1945 ’
1036 1947 1114 2009 Nem
1128 1948 1183 2009 diis
1192 1956 1260 2028 post

254 2047 409 2113 ,sacrificio
418 2047 507 2107 edum
520 2048 605 2109 ludos
617 2048 750 2128 publicos
763 2048 985 2108 consecrabant.

303 2142 377 2203 Ludi
389 2141 486 2222 igit'ur,
507 2156 538 2204 et
551 2146 664 2216 ludicro,
685 2163 751 2223 quse
772 2144 860 2207 etiam
877 2144 1024 2204 certassem
1035 2152 1175 2203 vocarunt
1198 2142 1258 2213 La·

236 2265 239 2271 ⁴
261 2240 327 2310 tini,
350 2240 448 2300 Graeci
464 2240 586 2319 Agonas,
606 2240 762 2300 multomm
776 2261 916 2321 generum
928 2240 1064 2325 fuerunt:
1083 2258 1178 2319 neque
1187 2259 1260 2301 vero

263 2357 322 2396 uno
336 2347 452 2396 tantum
464 2336 633 2419 spectaculo
651 2336 681 2396 in
693 2337 816 2417 publicis
836 2336 912 2418 ludis
932 2336 1116 2407 detinebatur
1125 2336 1260 2415 populus

195 2501 199 2507 ‚
263 2433 357 2502 Erunt
372 2444 471 2518 autem
480 2430 543 2495 ludi
553 2434 671 2514 meiol
684 2443 715 2494 et
728 2434 866 2504 athletici:
888 2433 945 2493 ledi
958 2432 1109 2493 circenses:
1129 2434 1186 2493 ludi
1196 2437 1260 2515 gla-

195 2573 198 2580 ,
262 2532 391 2591 elaterii:
412 2541 443 2591 et
462 2532 518 2589 ludi
533 2531 640 2601 semaei,
661 2530 700 2602 de
713 2530 817 2608 quibus
830 2549 909 2589 nunc
921 2528 1089 2608 singulatim
1102 2540 1147 2590 est
1159 2531 1262 2610 paucis

262 2626 471 2698 disserendum,
484 2626 639 2703 pertimet
653 2624 776 2702 Budaeo,
789 2638 897 2687 nostrae
909 2624 1135 2686 Galliaelumine
1135 2627 1261 2706 ,partim

263 2743 303 2783 ex
317 2721 461 2793 Vitruvio,
481 2720 624 2793 Lucieno,
645 2731 676 2781 et
689 2721 752 2781 aliis
765 2722 890 2802 antiquis
903 2722 1080 2799 auctoribus.

305 2818 432 2895 Gynmici
448 2828 479 2877 et
500 2817 620 2877 miktici
637 2817 723 2877 ludi
714 2839 746 2878 ιιι
763 2818 906 2898 palaestris
928 2837 965 2879 ac
981 2818 1137 2906 gymnasiis
1149 2818 1262 2882 fiebant

264 2914 349 3024 apud
365 2913 498 2984 Graecos,
527 2933 594 2997 quee
614 2914 679 2974 loca
697 2914 817 2976 fuerunt
836 2914 1010 2975 exercendis
1030 2924 1061 2975 et
1080 2916 1210 2995 corporis
1229 2929 1261 2977 et

264 3010 352 3072 ammi
343 3010 471 3084 viribus
485 3010 713 3071 accommodata.
756 3011 833 3071 Nam
846 3012 934 3073 etiam
947 3011 977 3071 iu
995 3011 1030 3072 iis
1048 3012 1191 3091 palaestris
1211 3026 1262 3076 aut

265 3126 423 3187 gymnesus
431 3107 548 3167 exedrae
557 3105 701 3177 fuerunt,
692 3127 723 3165 ιιι
732 3107 837 3186 qmbus
846 3107 1008 3188 philosophi
1019 3107 1117 3168 Graeci
1125 3111 1261 3176 sedentes

266 3205 464 3285 disputabant.
507 3202 565 3263 Sed
584 3213 615 3262 et
634 3204 769 3279 palestra
788 3197 945 3285 appellatio
959 3223 1075 3264 omnem
1093 3206 1261 3268 athleticam

265 3311 359 3360 artem
380 3310 411 3360 et
433 3298 673 3360 exercitationem
694 3301 909 3383 complectitur,
929 3300 1171 3380 decentiamque:
1202 3322 1262 3381 qua

265 3407 366 3468 status,
388 3409 494 3470 motus,
514 3396 668 3476 flexusque
686 3398 825 3477 corporis,
847 3416 882 3457 ac
895 3416 996 3457 omnes
1010 3396 1126 3456 omnino
1145 3396 1264 3459 babitus

264 3504 449 3556 venustatem
471 3492 624 3572 quendam
633 3493 821 3574 leporemque
836 3515 897 3574 prm
915 3514 949 3555 se
968 3494 1083 3556 ferunt:
1104 3514 1192 3574 quam
1210 3496 1263 3575 qui

266 3612 325 3651 non
339 3590 539 3662 ‹lidieerants
530 3610 550 3648 u
543 3590 701 3667 opolestoi
714 3591 751 3649 ab
765 3590 891 3671 antiquis
904 3590 972 3651 dicti
986 3601 1062 3650 sunt
1104 3590 1180 3651 Earn
1192 3611 1262 3674 vero

265 3699 359 3747 artem
373 3707 429 3768 qur
414 3687 623 3762 exercebant,
643 3690 701 3746 ant
705 3686 758 3765 qui
770 3686 800 3746 in
813 3688 958 3767 palestrae
971 3689 1196 3761 exercebantur,
1215 3669 1262 3749 vel

267 3784 458 3844 decertabant
493 3782 629 3861 preemiis,
658 3784 816 3859 palestrita
839 3785 888 3843 rel
910 3785 1059 3862 palestmci
1083 3784 1153 3845 dicti
1176 3795 1266 3856 emt·
1322 3815 1324 3818 ·

266 3878 535 3961 gymnicosGreeci
548 3879 637 3938 etim
648 3891 803 3953 rotarum,
822 3881 901 3960 quod
921 3881 1001 3940 nudlv
1007 3881 1126 3942 athlete
1140 3902 1262 3944 exerce·

266 3977 375 4037 rentur.
417 3976 564 4036 Ceterum
582 3976 611 4035 in
624 3975 760 4055 palaestra
771 3978 906 4056 gymnasii
926 3977 1031 4057 (inquit
1042 3978 1175 4056 Plautus)
1195 3993 1263 4041 c'ur·

267 4094 312 4147 su,
336 4072 486 4146 luctando,
505 4071 602 4144 besta,
616 4072 708 4147 disco,
729 4073 875 4153 pugilatu,
891 4074 1024 4135 saliendo
1035 4094 1069 4136 se
1081 4078 1266 4137 exercebant

211 4157 216 4165 ’
267 4170 395 4231 athlete.
429 4169 607 4245 Huiusmodi
623 4170 712 4230 ludi
704 4190 735 4230 m
758 4188 863 4251 campo
884 4170 995 4233 Martio
1012 4170 1092 4251 apud
1110 4172 1264 4284 Romanos

266 4265 333 4334 fieri
342 4267 500 4328 solebant.

309 4364 368 4442 ιιιιὶ
385 4365 565 4430 currebant
552 4386 586 4427 m
605 4341 681 4429 ludis
703 4364 852 4448 gymnicis,
872 4366 932 4429 hoc
953 4377 1008 4440 est,
1029 4385 1118 4431 cursu
1138 4386 1266 4450 corpore
