2917 4950
404 493 406 500 y
473 410 591 486 Atti.
613 412 660 481 V.
687 410 871 494 50an
893 413 944 484 ΙΙ.
1175 413 1244 492 δῶ

190 596 312 666 Solent
332 617 430 690 esses
452 598 496 669 id
510 622 579 670 non
593 603 648 670 iit.
700 600 767 671 cn.
780 600 911 672 Verum
932 598 1033 670 diois.
1056 599 1244 690 quideme

319 731 409 777 nunc
423 711 561 795 faciam,
576 714 684 799 Syrci
1200 721 1246 781 40
1269 727 1272 732 ’

189 820 227 907 S.
239 819 480 906 Suspicionem
489 826 600 891 istanc
611 846 656 892 ex
670 826 740 892 illis
753 845 885 912 queste:
904 845 975 894 rem
985 823 1100 909 profer
1112 825 1244 910 palma:

189 932 229 998 Si
239 954 309 1000 uon
319 941 372 1000 est
381 953 511 1015 verum,
520 937 565 1003 ed
579 938 847 1004 misericordiam
860 940 980 1005 ambos
991 936 1143 1022 adduces
1156 938 1245 1020 cito;

189 1043 262 1112 Aut
275 1048 384 1113 scibis
394 1048 495 1133 cujus
511 1050 572 1115 sis.
598 1050 664 1117 Cn.
678 1050 788 1119 Recte
803 1050 946 1135 suades3
966 1049 1104 1117 fecium.
1133 1050 1244 1120 sset

318 1166 411 1226 recte
424 1162 491 1228 hoc
503 1162 587 1228 mihi
1276 1237 1280 1248 Ι

190 1270 232 1336 In
245 1276 393 1337 mentem
403 1274 519 1340 uenit:
541 1294 688 1360 nemque
703 1274 907 1348 adolescens
922 1292 1025 1359 quem
1045 1273 1187 1340 minime
1206 1273 1243 1339 in

318 1403 381 1468 spe
397 1384 484 1450 situs
500 1385 574 1464 erit,

186 1492 275 1557 Tem
288 1492 450 1561 facillime
464 1496 573 1581 petris
586 1515 709 1581 pacem
722 1497 760 1563 iu
772 1496 867 1580 leges
881 1492 1040 1559 conficiet
1049 1512 1144 1561 suus.
1195 1500 1241 1559 45

188 1602 302 1670 Etiam
314 1604 407 1671 houd
420 1607 508 1688 scio,
523 1627 568 1674 an
580 1629 723 1675 uxorem
738 1608 859 1690 ducat3
881 1625 924 1674 ac
938 1605 1026 1690 Syro
1046 1604 1096 1670 nil
1109 1606 1239 1690 gratim

219 1803 294 1854 sold
302 1805 532 1871 umrfitJMutertibi
543 1825 591 1857 non
602 1812 690 1858 ested·
773 1809 846 1864 Quam
865 1808 957 1854 minimo
976 1814 1023 1854 tem
1035 1804 1161 1870 facillime]
1181 1808 1240 1855 cum

183 1876 274 1938 jouin
290 1886 315 1926 et
324 1879 368 1926 hoo
378 1896 452 1943 prope
463 1882 622 1932 verisimilius.
648 1882 689 1930 Ve-
738 1880 851 1944 praecedit
865 1895 931 1942 poem
941 1894 994 1926 cum
1008 1879 1159 1940 superlativo,
1169 1879 1242 1930 inter·

186 1967 240 1999 mm
251 1951 319 2014 dicit]
337 1952 408 2000 Prius
423 1963 500 2003 sutem
516 1956 617 2012 dicebat,
635 1971 689 2003 eum
738 1956 794 2002 dum
805 1955 908 2015 sequitur
916 1962 961 1999 tem
972 1967 1024 1999 cum
1036 1954 1147 2014 superlut.
1159 1953 1183 2000 in
1193 1954 1240 2000 Ad.

186 2023 277 2072 dixisse
288 2024 375 2086 sliquid
385 2029 508 2076 veridmils.
531 2028 558 2074 0.
738 2028 787 2075 111.
803 2029 826 2073 4.
839 2027 879 2076 56.
894 2025 988 2073 Sallust.
1005 2024 1029 2071 in
1042 2025 1103 2086 lug.⁴
1111 2042 1133 2073 c.
1145 2027 1186 2073 31.
1198 2025 1240 2073 ubi

219 2099 251 2144 41
268 2097 417 2159 Suspicionem
433 2101 515 2165 istam]
535 2101 594 2158 Quoe
610 2102 689 2149 turbet
738 2117 762 2149 v.
773 2099 886 2148 Gertium.

186 2175 250 2216 tuum
265 2171 504 2230 montemvidclic'et,
520 2174 593 2221 ensis
609 2189 688 2221 eorum
770 2172 800 2219 lo
810 2171 921 2234 pesitus]
930 2171 951 2217 I.
960 2186 1055 2232 espen
1064 2172 1158 2219 hebens.
1190 2169 1241 2218 No·

187 2239 364 2300 filius,necns.
381 2244 409 2292 G.
737 2246 807 2293 tunde
816 2246 865 2292 hoec
875 2243 963 2291 locutio
975 2251 1001 2291 ut
1012 2244 1138 2292 rarissimu.
1163 2244 1195 2291 Β.
1207 2245 1240 2291 Ι).

219 2315 318 2362 Excidit
338 2335 369 2367 ex
389 2320 434 2367 tine
456 2333 539 2367 versus
557 2318 688 2379 conjunctio
770 2320 802 2367 45
819 2316 900 2364 Pacem
911 2319 936 2363 in
948 2315 1014 2379 leges]
1033 2316 1067 2363 Η.
1079 2332 1100 2364 e.
1112 2316 1240 2363 secundum

186 2395 238 2445 aut,
249 2395 275 2437 ut
283 2394 422 2454 respondeat
431 2393 536 2454 sequenti
547 2398 596 2439 cut.
620 2393 649 2438 Β.
737 2407 776 2439 eus
783 2392 848 2453 leges
859 2397 883 2437 et
893 2388 1045 2445 conditiones,
1057 2405 1114 2451 ques
1128 2389 1184 2436 dere
1199 2404 1243 2449 pu-

219 2464 252 2510 42
269 2463 306 2511 As
315 2464 498 2530 misericordiam]
510 2465 572 2525 Quis
581 2470 688 2527 putentes
737 2464 768 2512 tri
778 2463 879 2512 voluerit
888 2462 913 2509 iu
923 2479 951 2510 eu
965 2478 1023 2524 pace
1037 2461 1145 2510 ineundo.
1179 2461 1241 2510 Num

186 2537 236 2583 veri
246 2537 301 2586 tiliis
312 2539 359 2587 cito
370 2539 500 2600 ignoscunt.
519 2538 548 2587 C.
737 2553 790 2584 cum
807 2553 853 2601 pax
869 2537 930 2583 inter
945 2536 1036 2598 aliquos
1051 2536 1181 2591 conficitur,
1199 2536 1241 2583 lex

218 2611 252 2656 43
267 2611 315 2659 Ant
330 2613 393 2660 scibis
404 2617 472 2677 cty'us
480 2611 521 2677 sis]
536 2613 570 2661 H.
581 2629 603 2660 e.
619 2613 640 2661 si
651 2618 687 2660 est
736 2611 814 2672 ulique
824 2617 864 2658 eut
873 2609 975 2657 conditio
985 2610 1009 2656 iu
1021 2625 1048 2656 ea
1058 2609 1163 2656 sscieudu
1179 2608 1240 2657 solet

184 2697 276 2730 verum.
294 2686 323 2730 Β.
736 2683 840 2746 allegari,
857 2683 874 2730 i.
890 2698 910 2730 o.
930 2681 1044 2729 adhiberi.
1077 2683 1163 2728 Sensus
1182 2696 1240 2742 ergo

218 2757 252 2803 44
269 2755 366 2804 Minima
376 2759 402 2806 in
411 2773 447 2820 spe
457 2759 512 2806 citus
521 2756 577 2820 erit]
589 2757 650 2807 Nam
665 2758 686 2805 si
735 2756 800 2804 illius
809 2755 920 2804 cretionis
929 2760 978 2802 est:
995 2755 1056 2802 lilius
1067 2761 1190 2814 componet
1199 2769 1242 2815 pus

185 2843 231 2877 uon
243 2844 268 2875 se
277 2845 328 2877 esse
339 2831 412 2878 tilium
427 2831 562 2885 crediderit,
573 2846 601 2877 eo
617 2831 687 2878 mise-
735 2846 786 2878 oem
796 2845 849 2877 eum
864 2838 939 2893 putre,
953 2843 995 2875 suo
1010 2827 1114 2883 arbitrio,
1125 2832 1148 2873 et
1159 2843 1240 2875 secuu-

185 2899 282 2948 rubilior
297 2903 416 2950 ridebitur
431 2903 507 2965 putri:
529 2909 553 2950 et
569 2903 638 2950 citius
655 2904 687 2950 ad
734 2904 791 2951 dum
812 2918 851 2951 ecs
869 2903 935 2963 leges
954 2908 979 2948 et
997 2900 1142 2951 conditiones
1163 2899 1241 2963 pucisa

184 2972 596 3026 misericordiamccmmovebiteum.
613 2973 685 3038 Situs]
735 2975 911 3039 quusvoluecit.
934 2975 962 3022 0.

185 3043 235 3093 Hic
245 3045 478 3106 moestitudines,
488 3065 536 3107 om,
548 3048 565 3096 i.
577 3064 600 3099 c.
613 3047 686 3096 situe-
769 3048 847 3096 Petris
860 3063 935 3109 pacem
950 3047 976 3093 in
989 3045 1056 3111 leges]
1068 3046 1090 3092 1.
1109 3060 1132 3092 e.
1147 3050 1241 3108 putrem

185 3122 231 3175 tus,
240 3121 387 3171 constitutus.
405 3123 433 3170 G.
736 3121 783 3173 sibi
793 3119 952 3169 reconciliabit
962 3119 1144 3178 conditionibus,
1154 3118 1238 3179 quibus

217 3193 321 3245 Faernus
330 3195 414 3251 edidit,
426 3212 479 3244 nem
490 3211 557 3258 pucm
566 3195 688 3243 odotem
735 3194 776 3244 ille
790 3195 862 3243 velet.
878 3193 955 3241 Plane
971 3192 996 3239 in
1013 3192 1103 3240 Asinur.
1120 3193 1142 3241 1.
1160 3195 1183 3241 3.
1198 3197 1239 3242 81.

185 3267 504 3328 macnespestmsetmam
512 3268 633 3333 saeuum
644 3284 687 3329 pc·
736 3269 795 3331 quod
811 3269 880 3329 poscis
898 3269 924 3314 in
946 3267 1002 3330 leges
1020 3281 1078 3315 meos
1099 3266 1162 3315 daie·
1181 3265 1237 3315 Liv.

185 3339 236 3395 tris,
252 3338 297 3388 &o
332 3340 440 3402 chetus
450 3342 555 3389 correxit
568 3356 604 3402 epe
621 3343 686 3397 citus,
736 3341 925 3393 xxxl11.30.
945 3355 990 3399 pcc
1006 3340 1062 3387 dcte
1081 3338 1195 3399 Phidippo
1214 3340 1240 3385 io

184 3410 233 3461 ie.
243 3420 312 3461 notus
321 3415 438 3475 depulsus.
467 3417 519 3477 ligo
529 3416 686 3476 reponendum
735 3413 882 3478 laslegesest
905 3413 935 3461 ll.
946 3413 979 3457 D.

185 3489 686 3551 θὶῖοιπωηᾳικαάοἱεωεπεφιαιηίπνηὶπὶτηα
767 3488 800 3535 46
816 3485 854 3534 Ao
862 3499 951 3532 uxorem
959 3483 1039 3547 ducat]
1046 3482 1156 3530 Chremes
1165 3482 1240 3531 disce·

183 3571 221 3618 φο
229 3560 292 3614 titus,
299 3561 350 3617 crit,
358 3569 404 3609 tum
414 3561 556 3613 difficillume
566 3561 636 3620 petris
644 3575 686 3621 pa·
735 3556 924 3620 densetputrium
930 3555 1060 3615 relinquens
1067 3555 1238 3602 ducetuxorem

183 3632 497 3696 cmiobgetcotficiettuas.
517 3632 688 3687 Callidissimus
735 3632 967 3681 seilicetSostrutem.
999 3629 1030 3676 At
1039 3628 1136 3691 Syrouil
1144 3625 1238 3693 gradu]

185 3703 246 3753 euim
255 3708 442 3769 senusqnihos
450 3707 548 3757 consilio
555 3723 601 3755 non
609 3707 688 3755 miuus
734 3707 772 3753 'lu
783 3703 887 3764 Clitipho
896 3703 931 3750 its
943 3701 986 3749 tibi
997 3708 1106 3764 putentes
1116 3699 1239 3748 reconcili-

184 3793 235 3825 rem
254 3795 327 3837 susm,
344 3798 411 3843 quum
430 3781 569 3843 Clitiphonis
582 3780 638 3842 egit,
652 3788 686 3828 sot
735 3778 805 3835 cbis3
818 3791 863 3837 ego
874 3783 950 3823 sutem
965 3775 1062 3822 oileum
1078 3773 1159 3834 gratim
1175 3773 1239 3833 apud

182 3860 251 3911 seete,
262 3854 344 3918 inquit,
361 3855 509 3918 excogitari3
526 3871 591 3915 spem
602 3855 686 3905 bouem
734 3850 789 3899 illes
798 3850 925 3904 habiturus,
935 3850 958 3896 h.
968 3864 990 3895 e.
999 3847 1063 3895 nullo
1074 3847 1144 3894 modo
1154 3851 1239 3908 potero

184 3926 327 3975 adolescenti
335 3929 405 3990 injeci
416 3944 441 3976 se
452 3929 522 3977 facile
533 3945 564 3976 ex
572 3927 617 3975 hoc
625 3926 687 3975 melo
735 3923 784 3978 illis
796 3930 876 3986 gratus
887 3939 947 3971 esse.
963 3921 991 3968 G.

184 4007 326 4048 sinemurum
333 4019 341 4063 ;
356 4018 385 4049 ne
397 4002 417 4049 si
428 4002 503 4049 enimc
515 4002 584 4063 plone
595 4000 686 4061 deiecto
768 3996 867 4061 AeSyrc
880 3996 979 4044 nihilsit
987 3992 1079 4058 gretie]
1091 3994 1173 4042 Certus
1187 4006 1238 4039 sum

185 4075 225 4132 sit,
236 4075 329 4137 quidvis
339 4076 477 4139 impemtum
487 4075 572 4122 iaciat:
588 4074 630 4121 ille
641 4088 686 4120 ux·
735 4072 798 4133 quod
813 4087 845 4118 ex
862 4071 906 4117 lroc
924 4066 1023 4116 consilio
1042 4066 1067 4112 iu
1087 4064 1187 4127 gretiam
1202 4069 1240 4113 est

183 4164 250 4198 orem
267 4150 413 4207 interveniet,
434 4165 479 4211 ego
500 4164 600 4196 erucem.
645 4144 685 4193 Sic
735 4138 1173 4200 tiliusreversurus,utfortusseetiam
1184 4151 1239 4183 con·

184 4224 247 4271 enim
254 4238 316 4272 nuno
323 4224 502 4286 perterrefactus
509 4237 606 4270 uxorem
613 4218 686 4281 cupit,
735 4218 804 4265 cedet
814 4215 913 4271 veritum,
930 4221 955 4261 et
967 4227 1063 4261 uxorem
1075 4213 1161 4258 ducere
1176 4224 1239 4257 com·

184 4299 225 4346 ille
235 4314 316 4361 pacem
325 4298 371 4347 sibi
381 4296 497 4361 impetret,
509 4311 554 4358 ego
564 4308 639 4356 poenoe
649 4307 686 4341 re·
708 4326 711 4332 .
735 4291 815 4353 pellet.
838 4290 866 4339 E.

183 4376 282 4437 linquet.
299 4373 329 4423 B.
770 4366 818 4413 l’ro
825 4379 856 4411 cc
864 4378 944 4413 omues
953 4359 1027 4411 nostri
1035 4374 1102 4408 anne.
1113 4365 1184 4406 reete.
1194 4359 1224 4409 Β.
