2917 4950
267 456 347 521 utu
438 454 653 535 morou
687 454 752 514 nu
786 445 1036 515 commuta.

259 626 478 718 .Interdumquo
494 626 639 697 dimidiato
657 640 776 693 numero
787 633 880 711 (sicuti
899 631 1003 692 Pollux
1023 630 1075 715 ait)
1096 618 1246 699 Stimichon

269 754 334 797 rum
347 734 443 794 induci
455 734 542 794 {boile
555 731 710 792 admodum
723 740 768 790 est
780 730 887 789 videre.
913 729 995 788 Idem
1010 736 1137 788 attamen
1150 726 1250 788 scribit

270 835 299 892 in
311 831 402 892 veteri
415 829 562 908 tragoedia,
584 829 703 887 chorum
717 826 867 886 saltatores
879 825 1012 885 habuisse
1025 823 1247 903 quinquaginta:

266 932 370 988 “verum
392 926 538 1004 quoniam*
551 922 707 1005 AEschylus
732 922 853 982 totidem
881 918 1057 1001 Eumenidas
1081 919 1250 987 induxisset,

267 1029 336 1101 quae
355 1032 449 1082 totum
469 1041 530 1101 prae
550 1019 732 1078 multitudine
751 1019 894 1077 theatrum
910 1020 1146 1085 consternassent,
1168 1014 1249 1076 cohi.

271 1120 359 1178 bente
372 1119 439 1196 lege
458 1116 495 1176 ad
514 1115 664 1196 pauciores
685 1116 759 1174 esse
771 1113 933 1173 deventum.
966 1112 1098 1172 Arbitror
1114 1110 1200 1170 etiam
1216 1110 1251 1167 in

266 1212 412 1274 comoedia
432 1232 499 1272 cum
511 1211 629 1271 Donato
642 1211 729 1288 longe
742 1211 839 1290 plures
855 1210 892 1268 ab
909 1208 990 1287 initio
1002 1207 1091 1267 fuisse
1107 1198 1259 1276 cantores}

272 1300 409 1388 quoniam
420 1302 464 1386 (ut
478 1307 650 1367 Aristoteles
670 1307 701 1365 in
721 1305 844 1389 naturali
857 1305 981 1384 quadam
992 1304 1079 1364 sentit
1090 1300 1252 1383 questione)

271 1405 356 1463 multi
373 1402 487 1463 facilius
505 1423 619 1463 servare
642 1423 777 1463 numeros
796 1413 923 1482 possunt.
964 1400 1061 1472 Qum
1078 1400 1167 1478 igitur
1186 1411 1252 1479 post

273 1498 379 1577 fabulae
400 1500 551 1579 prologum
577 1509 653 1558 esset
676 1500 852 1558 orchestram
875 1497 1064 1582 ingressurus,
1093 1497 1117 1555 si
1141 1482 1253 1555 rusticis

274 1595 429 1667 constaret,
449 1613 467 1653 a
479 1594 582 1653 dextro
595 1594 818 1669 latete‘solebat
839 1594 928 1675 emitti
936 1595 949 1653 ι’
964 1594 1007 1652 sin
1021 1603 1118 1651 autem
1130 1590 1255 1660 urbanis,

268 1710 293 1750 ‘a
305 1690 418 1749 sinistra
430 1700 512 1769 parte
524 1688 667 1769 prodibat,
688 1691 884 1769 quadrataque
896 1689 988 1748 forma
1001 1686 1158 1747 consistens
1171 1705 1253 1745 rece·

274 1784 375 1845 dentes
393 1784 545 1869 histriones
561 1787 741 1868 observabat.
782 1785 897 1846 Deinde
918 1803 1072 1845 conversus
1087 1782 1125 1842 ad
1143 1792 1254 1860 specta·

267 1890 361 1953 tores,
383 1881 642 1961 quorsumcumque
655 1883 760 1961 septies
773 1865 916 1941 theatrum
929 1865 1103 1950 intuebatur,
1122 1877 1256 1936 totidem·

275 1995 332 2055 que
354 1976 511 2036 cantilenas
528 1975 676 2035 moderato
703 1986 786 2055 gestu
812 1976 1037 2055 pronunciabat:
1071 1974 1149 2053 quod
1171 1992 1254 2033 omns

275 2071 438 2151 παράβασις
452 2071 488 2131 ab
503 2071 698 2152 Aristophane
710 2072 840 2155 pluribus
849 2071 877 2130 in
889 2058 959 2132 locis
967 2080 1153 2149 nuncupatur.
1194 2069 1256 2128 Pri-

275 2188 323 2227 ma
340 2169 429 2245 igitur
452 2168 596 2228 cantilena
619 2168 715 2228 statim
740 2169 776 2227 ab
799 2167 968 2228 histrionum
987 2168 1112 2227 discessu
1134 2165 1254 2244 prolata,

228 2324 233 2331 ,
275 2267 386 2343 κορωνὶς
408 2264 552 2343 communi
569 2264 686 2324 nomine
710 2265 822 2324 dicitur.
873 2265 950 2323 Nam
971 2262 1108 2343 quicquid
1130 2279 1257 2340 persona

222 2354 225 2357 ’
278 2358 410 2438 quapiam
421 2359 577 2419 recedente
590 2369 732 2431 cantatur,
746 2360 925 2438 grammatici
943 2359 1069 2418 comicos
1083 2365 1257 2436 exponentes
1327 2342 1344 2364 ‘

278 2454 408 2533 κορωνίδα
425 2455 519 2516 solent
541 2455 696 2535 appellare.
718 2439 903 2535 ,Κομμάτιον
919 2474 988 2515 vero
1007 2442 1123 2534 proprie
1144 2452 1257 2523 dicitur,

175 2565 178 2574 ’
267 2563 418 2631 'quatenus
439 2553 477 2612 de
497 2552 586 2612 choro
599 2562 753 2631 amputata
762 2551 912 2630 recisaque
926 2552 1066 2630 particula
1078 2551 1207 2610 videtur:
1223 2550 1260 2621 id

278 2648 476 2729 aquibusdam
485 2646 609 2714 eleisum
619 2660 706 2731 χοροῦ
717 2647 889 2708 nominatur.
932 2647 1074 2719 Secunda,
1086 2645 1259 2724 παράβασις,

278 2765 338 2824 non
357 2763 441 2804 secus
462 2753 498 2803 a'c
515 2753 578 2803 tota
598 2743 712 2803 saltatio
726 2742 848 2803 diciturt
868 2743 1001 2820 quoniam
1015 2743 1103 2814 illinc,
1124 2743 1173 2802 ubi
1192 2762 1259 2801 con·

280 2841 393 2900 stiterat
406 2839 519 2913 chorus,
541 2839 676 2918 populum
688 2859 787 2898 versus
804 2838 928 2898 incedit:
948 2838 1007 2897 sive
1019 2841 1201 2909 ἀνάπαιστος,
1223 2857 1259 2897 eo

268 2934 357 3014 ‘quod
378 2934 544 3013 frequenter
569 2935 767 3012 hujuscemodi
789 2945 891 2994 cantus
916 2946 1076 3014 anapaestos
1100 2945 1259 3015 usurparet

280 3030 577 3112 Tertianvtynmaut
593 3034 706 3113 μακρὸν,
728 3031 872 3093 cantilena
892 3031 1001 3091 sedicet
1023 3033 1067 3111 (ut
1088 3032 1191 3091 Pollux
1200 3030 1259 3108 ait)

280 3147 339 3186 una
364 3126 479 3205 spiritus
502 3127 686 3188 contentione
706 3129 827 3208 prolata,
848 3147 912 3207 quae
928 3129 986 3188 tria·
999 3115 1190 3208 sejunguntur
1213 3130 1262 3188 ab·

268 3222 415 3294 inuicem,
437 3243 501 3283 cum
522 3225 643 3284 alterum
656 3225 857 3285 alterinullam
877 3225 983 3285 habeat
995 3227 1145 3286 rationem.
1185 3228 1260 3292 Quae

281 3340 350 3379 vero
363 3331 529 3400 sequuntur,
543 3321 618 3380 inter
628 3340 659 3380 se
671 3322 795 3399 quadam
808 3330 876 3378 sunt
886 3322 996 3381 ratione
1009 3327 1168 3397 conjuncta,
1183 3322 1261 3381 vide·

268 3416 350 3497 licet
363 3420 463 3497 στροφὴ
476 3416 522 3475 vel
534 3416 598 3496 ᾠδὴ,
619 3416 678 3476 sive
693 3421 789 3496 μέλος,
809 3405 948 3497 ἒπῖρῤημα
962 3422 1144 3500 ἀντίστροφος
1153 3418 1200 3478 vel
1211 3421 1262 3477 ἀν·

280 3512 352 3597 rpdp*
371 3522 401 3571 et
418 3512 619 3596 ἅντεπίῤῥημα,
641 3513 720 3591 quod
739 3514 805 3574 loco
826 3514 947 3594 septimo
965 3502 1142 3587 cantabatur,
1160 3521 1262 3596 στροφὴ

282 3609 358 3667 enim
370 3607 430 3666 sive
443 3610 621 3694 ἀντίστροφος
637 3610 772 3670 membris
790 3621 820 3670 et
838 3613 994 3671 carminum
1012 3634 1118 3692 genere
1132 3614 1263 3692 quadrat.

276 3702 394 3762 Rursus
417 3703 556 3784 ἐπὶῤῥημα
580 3704 773 3784 undecunque
797 3707 850 3766 sibi
875 3708 1048 3769 conveniens
1071 3711 1265 3791 ἀντεπίρῥημα

284 3794 484 3881 solethahere.
512 3800 666 3865 -Quoniam
675 3803 825 3882 utrobique
833 3804 896 3865 fere
906 3807 1132 3884 sempcrchorus
1142 3826 1179 3866 ex
1188 3808 1263 3884 J‘am·

283 3893 328 3952 bis
340 3901 506 3951 tetrarnetra
519 3895 665 3954 sexdecim
679 3898 885 3973 modularetur,
906 3912 999 3962 totum
1011 3903 1068 3963 hoc
1086 3905 1170 3963 simul
1189 3931 1266 3986 χορι-

284 3990 332 4052 rdv
350 3988 520 4068 appellatur,
542 3992 657 4069 quando
669 3997 820 4066 com‘oediae
836 4007 947 4077 partem
959 4000 1090 4061 volumus
1103 4003 1265 4082 assignare3

284 4094 407 4180 quatuor
425 4084 501 4144 enim
517 4097 594 4158 sunt,
615 4086 750 4150 videlicet
762 4098 912 4173 πρόλογος,
934 4098 1037 4176 qni'ad
1058 4118 1204 4177 egressum
1216 4119 1266 4156 us-

285 4200 343 4261 que
359 4181 440 4241 chori
453 4194 641 4261 prorogatur:
663 4185 768 4248 deinde
780 4193 909 4270 χορικὸνε
931 4205 961 4255 et
976 4194 1055 4272 quod
1076 4192 1266 4273 interponitur

270 4278 389 4351 choris,
410 4279 575 4340 ἐπεισόδιοντ
596 4291 741 4360 postremo
756 4286 856 4359 ἔξοδος,
876 4307 942 4367 qum
962 4290 1075 4349 scilicet
1095 4310 1113 4349 a
1131 4290 1219 4349 choro
1236 4290 1267 4350 in

286 4375 366 4437 calce
386 4376 535 4436 comoediae
549 4380 762 4455 pronunciatur,
783 4393 815 4442 ut
836 4385 939 4446 Pollux
955 4386 1112 4463 in-quarto
1130 4386 1267 4466 scriptum
