2917 4950
415 397 530 465 Acu.
553 398 625 466 III.
649 392 826 462 SGENA
848 390 919 459 111.
946 497 948 504 ,
1133 391 1199 455 415

156 589 226 656 Ubi
239 586 347 671 tiiget,
361 586 428 652 huc
441 587 569 653 evasit:
598 587 701 672 quum
713 583 846 670 pridem
859 565 955 667 poter

158 684 247 768 Mihi
259 693 294 765 et
302 703 410 765 muter
420 683 544 765 mortui
559 705 682 765 essent.
704 696 795 773 dieo,
804 694 879 779 jem
892 692 962 757 diu.

159 813 235 884 Rus
252 812 350 876 Sunii
364 810 489 894 ecquid
503 810 672 886 haberem,
698 811 734 872 et
755 824 858 890 quam
872 802 973 885 louge
988 819 1010 864 a
1022 798 1125 864 merit

159 922 270 988 credo
282 921 315 986 ei
328 921 466 1006 placere
480 920 565 986 hoc:
589 926 704 1005 sperat
717 938 756 984 se
770 938 793 982 a
804 936 858 981 me
873 913 1028 979 avellere.

157 1034 348 1111 Postremo,
364 1051 474 1115 ecqua
485 1031 564 1096 inde
579 1050 686 1116 parva
698 1030 857 1115 periisset
870 1044 985 1092 soror:
1160 1027 1198 1083 15

159 1141 288 1227 Ecquis
303 1160 439 1210 cumea
448 1143 541 1206 unat
564 1140 647 1225 quid
661 1139 847 1218 habuisset,
862 1156 941 1202 cum
955 1131 1063 1218 periti
1153 1171 1156 1180 .

159 1250 288 1337 Ecquis
303 1273 379 1318 eam
393 1257 512 1338 posset
524 1255 691 1318 nosceret
703 1251 796 1317 Haec
811 1269 873 1314 cur
886 1245 1044 1332 quaeritet
1056 1245 1072 1307 i

160 1364 241 1429 Nisi
256 1366 301 1429 sit
313 1364 375 1429 illa
387 1363 486 1443 forte,
501 1383 579 1449 quae
594 1365 675 1430 olim
687 1362 789 1448 periit
800 1359 955 1446 parvula,
1042 1453 1047 1456 .

159 1475 275 1555 Soror,
289 1475 377 1541 hauc
392 1495 430 1540 se
444 1477 587 1543 intendit
599 1496 687 1559 esse,
699 1479 738 1542 ut
751 1477 805 1541 est
818 1470 973 1582 audacia.

160 1658 332 1721 gissiguificsri
347 1660 442 1722 profuse
451 1660 585 1722 petulantis.
608 1661 659 1709 Ser·
706 1653 1204 1718 meretrixinquisirit,utsoirot,utrumrn·

159 1747 244 1779 monem
261 1733 367 1797 worm]
390 1733 512 1781 &menen
532 1735 657 1796 quaerimru,
706 1725 1202 1794 pineprtedonibusiuisset,quippeudmo·

158 1806 391 1865 qumdononsoium
404 1805 467 1868 quod
477 1806 580 1853 dieamus
596 1822 658 1868 quoe·
703 1806 860 1853 ditemneum
876 1803 957 1850 locum
973 1799 1013 1861 qui
1028 1815 1137 1848 accessus
1153 1815 1205 1850 esse

159 1875 242 1931 rimus,
253 1891 334 1923 verum
343 1877 413 1924 etism
423 1879 539 1938 quomodo
549 1878 608 1924 aiter
616 1893 658 1926 uo·
705 1876 784 1941 potuit
792 1876 890 1938 pinetis?
906 1873 955 1920 Sed
961 1879 1037 1919 umen
1044 1873 1206 1921 uousbhorret

158 1948 195 1995 bis
200 1944 509 2010 respoudeetetobioqustur
518 1966 524 1995 ε
533 1958 657 2010 putncum,
707 1947 862 2010 ssuspicioue
871 1946 941 2010 hujus
955 1943 1092 2001 meretricie,
1109 1947 1172 2007 quod
1182 1952 1207 1993 et

160 2021 322 2069 deficientibus
331 2021 500 2068 sermocinandi
509 2022 593 2077 causis,
606 2023 658 2084 quo'-
708 2021 768 2068 scire
775 2020 856 2077 veliet,
866 2021 932 2080 ouJus
939 2017 1010 2078 pretii
1018 2016 1115 2064 fundum
1123 2018 1207 2066 hebent

160 2094 222 2140 tacit
232 2093 305 2140 horo?
315 2100 347 2150 et,
357 2096 409 2141 sotis
417 2102 477 2141 recte
487 2095 538 2156 quis
546 2092 659 2142 coluerit?
707 2095 832 2142 Chremes:
848 2093 893 2140 heo
904 2097 948 2147 est,
958 2106 1026 2152 quern
1035 2106 1158 2147 emoenum,
1168 2090 1208 2140 rel

159 2171 326 2227 percontamur.
344 2165 376 2213 D.
708 2181 777 2228 quum
786 2165 932 2214 maritimum.
948 2166 980 2211 D.

190 2237 316 2301 Sesedore]
342 2237 404 2285 Dore
422 2239 528 2288 oeolioui
543 2239 658 2295 dicuntur,
741 2236 1208 2295 EtsiFaerntomnesvetteoudurbent,

160 2309 203 2371 qui
213 2310 300 2358 fuciunt
307 2312 368 2373 qued
376 2311 434 2358 niter
440 2314 512 2374 cupit,
521 2314 561 2374 qni
568 2312 660 2373 cigreti
707 2320 729 2359 et
739 2311 798 2374 quod
806 2310 916 2358 munem.-
926 2308 999 2355 nostri
1008 2314 1086 2355 temen
1094 2316 1159 2356 recte
1166 2309 1208 2357 ita·

161 2398 215 2430 esse
227 2383 332 2430 laborent
342 2382 405 2430 omni
415 2385 520 2446 obsequii
531 2400 623 2446 genere.
633 2383 660 2430 in
707 2384 776 2439 mum,
787 2382 874 2443 quiret
883 2396 924 2427 rus
934 2387 959 2427 et
969 2379 1075 2426 domiuus
1084 2380 1160 2426 adhuc
1168 2379 1208 2428 su·
1304 2381 1307 2390 ’

160 2456 206 2503 Ad.
214 2455 244 2502 V.
252 2447 279 2504 3.
286 2458 326 2506 52.
338 2456 369 2503 do
379 2464 401 2503 te
411 2455 475 2504 hodie
487 2456 550 2505 mitt.
561 2458 623 2518 Nep.
634 2456 660 2503 iu
707 2462 812 2521 pereunt.
824 2454 917 2502 Deinde
931 2452 1002 2500 Sutrio
1009 2452 1077 2515 lege:
1090 2452 1206 2502 nonenim

160 2532 211 2577 Au.
226 2544 249 2576 o.
259 2533 281 2577 9.
292 2531 331 2592 qui
340 2522 472 2578 admei&
479 2532 528 2592 gius
537 2545 560 2577 se
569 2530 660 2577 dodum.
708 2529 828 2591 oppidum,
835 2528 878 2574 sed
885 2526 1003 2587 regionem
1011 2524 1127 2572 hiouotst.
1143 2526 1208 2588 Lege

161 2601 213 2650 cie.
224 2601 255 2648 ed
265 2601 322 2649 Dir.
332 2602 367 2650 11.
380 2604 404 2649 8.
415 2602 446 2649 do
454 2609 476 2650 tc
488 2601 572 2650 homini
582 2602 623 2649 ubi
633 2615 657 2649 ν.
707 2602 789 2663 igitur,
798 2615 839 2647 rus
849 2599 919 2648 senio
928 2598 1009 2660 ecquod
1018 2598 1116 2644 hobam.
1134 2594 1171 2644 B?
1280 2658 1282 2671 Ι

162 2674 252 2721 Manui.
269 2674 300 2720 R.
311 2675 343 2721 D.
365 2702 367 2706 =
741 2677 774 2721 14
794 2672 873 2733 Sperat
889 2685 910 2719 se
926 2687 941 2717 a
957 2684 992 2717 ene
1007 2667 1112 2730 auellere]
1139 2670 1206 2718 Bono

194 2746 317 2794 &mum
332 2749 439 2812 Μῖνα]
463 2757 500 2797 est
509 2748 659 2809 undecunque
708 2762 764 2794 usus
775 2752 811 2794 est
822 2742 1002 2799 verboooellere,
1011 2748 1118 2804 tunquam
1131 2758 1207 2806 uper.

160 2818 658 2882 colloquendiocoesionemosptsre,utDou.
707 2818 942 2866 tineciterretineute.
959 2818 990 2863 D.

162 2893 224 2938 adh.
241 2891 259 2937 Ι.
277 2891 325 2937 Pro
335 2907 364 2938 eo
374 2892 497 2940 Petronius
513 2909 535 2939 c.
546 2896 587 2941 37.
603 2891 660 2939 dicit
741 2891 821 2951 Sperat
832 2906 853 2938 se
864 2906 880 2936 a
891 2889 936 2951 me]
954 2888 984 2934 V.
997 2889 1025 2936 0.
1038 2896 1111 2948 speret
1127 2902 1205 2950 sepos-

154 2963 251 3025 fsiulot
259 2977 366 3010 umescere
376 2963 447 3012 ubiv.
458 2964 583 3010 Burmann.
590 2964 620 3010 tt.
627 2965 659 3011 D.
708 2971 744 3009 tea
753 2979 768 3009 o
776 2979 819 3011 me.
838 2965 866 3010 b.

195 3039 226 3083 11
245 3034 298 3083 Huc
312 3037 391 3100 count]
406 3038 525 3098 umquem
540 3036 660 3097 impuden-
742 3035 851 3100 Acettere]
859 3036 906 3083 Pro
913 3034 1050 3091 evulsurum,
1059 3051 1208 3098 praesenspro

162 3117 198 3157 ter
211 3108 356 3156 contenderit
365 3107 395 3155 ud
409 3110 467 3156 hene
480 3108 658 3170 inquisitionem.
708 3109 794 3157 futuro.
805 3126 829 3157 v.
838 3114 889 3157 not.
899 3109 929 3155 od
942 3108 1014 3155 Andr.
1023 3109 1043 3156 I.
1055 3112 1078 3157 5.
1091 3111 1116 3157 3.
1134 3112 1164 3158 R.
1176 3111 1207 3159 D.

163 3182 239 3236 Quom
246 3182 335 3242 pridem
349 3180 484 3241 poter-mihi
492 3189 514 3228 ct
522 3188 594 3227 mater
603 3196 661 3227 mor·
743 3184 776 3230 16
793 3182 855 3236 Quid
866 3181 984 3238 inbuisset,
993 3197 1046 3229 cum
1053 3182 1124 3246 perit]
1140 3183 1208 3240 Com,
1265 3226 1274 3241 ,

161 3256 197 3301 tui
206 3252 287 3315 esoent]
303 3255 358 3302 Hoc
368 3259 463 3315 propter
472 3260 564 3301 aetstem
577 3253 661 3314 puelle
708 3271 753 3317 pro
763 3256 865 3316 quondo:
876 3260 923 3311 eut,
934 3271 987 3301 oum
998 3255 1093 3315 periret.
1110 3257 1141 3303 D.

148 3325 297 3389 'inquisitum
307 3334 351 3375 est.
368 3327 400 3374 D.
440 3356 442 3365 .
742 3330 849 3391 begeat
859 3336 951 3383 cetere,
961 3329 1160 3389 eoqrudhubur'sset.
1178 3330 1208 3377 B:

159 3420 162 3425 ·
197 3400 243 3447 Uti
245 3392 332 3463 friget]
345 3399 366 3445 1.
373 3414 395 3445 e.
401 3400 511 3461 loquendi
517 3400 612 3448 muteris
619 3416 660 3455 exe
742 3404 773 3449 17
790 3400 846 3449 Hoc
855 3416 899 3449 our
912 3400 1038 3463 queritat]
1053 3401 1083 3446 In
1098 3407 1165 3462 gestu
1180 3415 1208 3446 so

160 3473 296 3526 inmisere,
305 3471 344 3518 ubi
353 3471 411 3518 nihil
419 3474 517 3534 emplius
525 3474 588 3534 quod
597 3472 661 3519 diost
708 3474 775 3521 vultu
791 3475 816 3521 id
828 3474 893 3534 quod
906 3477 978 3519 restet
988 3472 1127 3520 ostenditur.
1146 3464 1207 3520 uani
1231 3518 1235 3525 ,

161 3534 266 3592 inveniri
276 3549 361 3603 potest.
372 3544 483 3591 Similiter
489 3561 530 3606 ep.
542 3545 616 3592 Cicer.
630 3544 660 3590 sd
709 3547 784 3602 deest,
793 3547 871 3592 neseio
883 3546 915 3591 D.

159 3616 218 3663 niv.
227 3615 278 3662 111.
284 3617 309 3660 8.
316 3614 450 3663 imminutus
459 3633 534 3663 sermo
543 3615 662 3662 homiuum
743 3621 774 3668 18
791 3617 863 3664 Liber
870 3618 953 3664 Bemb.
960 3623 984 3664 et
989 3615 1062 3663 nostri
1072 3617 1120 3663 iere
1127 3630 1206 3663 omues
1285 3626 1290 3631 '

161 3688 249 3735 dieitur
257 3685 406 3750 refrigeratus
415 3688 456 3737 ubi
464 3705 488 3737 v.
495 3690 585 3735 Manet.
591 3689 660 3735 R.D.
709 3687 1130 3753 reotehubent,nisieiiiiuforte.13.
1165 3718 1169 3731 .

172 3802 175 3807 .
195 3758 253 3807 Huc
260 3760 340 3824 evasit]
365 3762 386 3807 1.
398 3776 420 3808 e.
431 3762 461 3807 od
471 3761 512 3807 ires
522 3759 662 3822 questiones
742 3766 774 3813 19
792 3760 993 3811 chcseintendit
1000 3760 1052 3825 esse]
1064 3760 1164 3823 Proprie
1171 3763 1207 3810 in·

161 3826 292 3879 sermonem
301 3832 388 3880 retulit.
401 3833 495 3889 Sallust,
502 3833 613 3895 indugc.
621 3837 660 3881 14.
710 3835 800 3882 render
819 3841 856 3882 est
872 3834 960 3882 crimen
970 3834 996 3883 in
1005 3835 1163 3887 advenerim
1170 3838 1208 3898 is-

161 3904 658 3968 isuccinebenqioioeoosereubiu.cort.R.D.
710 3923 771 3955 cere.
790 3909 822 3955 D.

195 3977 267 4025 Pater
283 3985 305 4024 et
321 3985 392 4026 mater
409 3980 503 4043 mortui]
531 3979 620 4027 Mortui
637 3980 661 4026 in
744 3979 802 4027 Eorn
810 3994 852 4028 sese
860 3980 1015 4039 intermittere,
1028 3980 1207 4047 otestfoltucio]

161 4049 290 4098 musculino
301 4065 385 4111 genere
395 4051 458 4098 dixit
466 4067 512 4098 uon
522 4059 627 4108 mortum,
635 4060 662 4099 ut
710 4054 780 4101 Hunc
791 4068 842 4101 sese
854 4052 912 4100 mihi
926 4055 1015 4116 objicit,
1029 4061 1054 4101 et
1061 4054 1168 4115 intendit,
1185 4062 1210 4102 et

162 4122 217 4170 liv.
230 4122 307 4169 XXI.
317 4124 517 4188 50.rcuregioqne
528 4124 601 4171 classis
615 4139 661 4171 uno
709 4126 809 4184 probare
820 4125 894 4187 eupit,
904 4133 931 4173 ut
941 4126 1089 4174 osteudecis.
1106 4129 1135 4175 E.

160 4192 257 4258 profecti
269 4194 428 4244 etdcoentem
437 4198 487 4244 otii.
503 4199 535 4245 R.
547 4198 579 4244 D.
743 4196 826 4245 Lectio
843 4198 980 4259 Bugrsphii,
993 4199 1208 4251 eameaeictendit,

196 4269 228 4314 12
245 4265 351 4333 Jourdin]
366 4267 419 4317 lem
430 4269 493 4316 olim.
503 4269 535 4318 D.
710 4275 748 4318 est
756 4270 906 4333 preferenda.
917 4272 987 4321 (terte
993 4272 1054 4321 enim
1061 4287 1121 4320 soror
1126 4271 1207 4333 putide

196 4342 228 4388 13
245 4339 277 4387 Et
287 4341 536 4407 quoeulcogeomorii]
548 4342 661 4391 Hocideo
709 4342 749 4389 hie
759 4343 880 4404 repetitur.
898 4344 924 4394 B.
1203 4348 1206 4361 '
