2917 4950
436 369 553 438 Acr.
574 349 621 437 v.
654 369 838 477 scene
861 369 926 440 1v.
1142 371 1209 438 ece

154 554 196 621 P.
220 555 275 622 Ex
291 556 370 640 ipen
384 556 509 624 millies
524 557 653 626 audivi.
683 560 726 625 ·S.
744 559 873 626 Omnes
885 577 949 624 uue
965 558 1113 643 gaudere
1127 559 1207 642 nec,

286 666 441 747 Chreme,
591 741 592 746 .
925 741 929 746 ,

154 778 206 845 'Pe
221 780 337 859 credo,
353 782 503 848 credere.
548 782 616 848 cn.
639 781 695 849 Ite
715 803 771 848 me
794 783 840 847 Di
865 786 989 860 ament,
1005 782 1120 848 crede.
1164 783 1206 849 P.

288 890 384 971 Quid
395 898 510 972 restet,
525 895 649 978 patert
803 963 806 970 ,

155 1001 192 1067 S.
212 1001 236 1067 J
237 1003 423 1070 amdudum
437 1020 493 1070 res
506 1005 642 1071 reduxit
656 1025 710 1070 me
726 1007 805 1090 ipsa
820 1005 1023 1088 ingratiam.
1055 1005 1096 1070 P.
1111 1003 1144 1068 0
1159 1004 1208 1069 le·

287 1116 405 1202 pidum
420 1117 570 1202 putrem!
1163 1123 1205 1183 45

155 1227 208 1293 De
223 1248 341 1308 uxone,
366 1230 417 1295 itu
439 1235 477 1294 ut
498 1228 652 1315 possedi,
676 1230 761 1296 nihil
787 1234 895 1296 mutet
917 1228 1090 1296 Chremes.
1135 1228 1204 1296 Cn.

285 1338 401 1405 Causa
415 1339 617 1425 optuma’st:

154 1447 233 1514 Nisi
248 1450 330 1537 quid
344 1455 442 1535 puter
460 1453 509 1517 uit
533 1453 638 1518 aliud.
684 1454 726 1518 P.
751 1452 896 1536 Nempe.
940 1451 977 1516 S.
1001 1452 1045 1517 Id
1059 1451 1204 1518 scilieet.

285 1560 351 1628 Cir.
377 1563 464 1643 Dos,
480 1564 672 1650 Pamphile,
687 1570 741 1630 est

153 1673 283 1740 Decem
307 1675 444 1740 tuleuta.
488 1674 531 1741 P.
553 1673 714 1762 Accipio.
759 1675 828 1742 Cri.
852 1676 1006 1761 Propero
1027 1675 1071 1740 ed
1087 1674 1204 1743 filiam.

282 1784 348 1852 eh'o
363 1806 508 1866 meeum,
524 1786 636 1854 Crito:

182 1937 215 1983 43
233 1932 326 1995 Euipse
336 1933 416 1983 audiui
425 1935 514 2000 millies]
533 1937 598 1983 Duae
615 1947 653 1985 reu
701 1937 814 1996 dicenter,
824 1954 893 1986 mauu
903 1938 942 1987 vel
951 1940 1017 1987 vultu
1026 1938 1105 1987 dotem
1116 1940 1204 2004 signifi·

149 2008 254 2056 ostendit
267 2008 411 2071 Pnruplrilun,
422 2017 446 2057 et
457 2011 519 2072 quud
531 2026 610 2058 verum
623 2011 653 2058 eit
701 2019 762 2061 eant.
783 2014 845 2074 quud
871 2027 927 2059 mox
953 2011 1065 2074 intelligit
1083 2015 1202 2067 Chremes.

151 2084 212 2145 qued
229 2098 261 2129 ex
280 2082 331 2144 ipsa
342 2098 403 2144 saepe
419 2084 533 2132 audierit:
551 2093 574 2133 et
589 2086 652 2148 quod
701 2085 749 2132 etii
765 2085 809 2133 inl
820 2087 857 2133 τοῦ
871 2084 964 2142 scilicet,
975 2086 1105 2135 Chremetis
1123 2104 1203 2151 perse

150 2159 179 2205 rit
188 2157 332 2219 Glycerium.
355 2157 434 2205 Omnes
443 2175 481 2206 nor
492 2160 653 2224 gauderetne,
701 2173 754 2204 uam
762 2159 848 2206 fuciunt
866 2157 988 2221 (Ducieriu
998 2160 1117 2208 contendit
1128 2179 1204 2227 nempe

150 2229 255 2295 Chreme]
272 2235 319 2278 Aut
330 2230 369 2280 tec
379 2241 495 2294 correpte,
506 2234 652 2298 nutheepro-
701 2238 726 2278 et
743 2233 824 2280 seilicet
845 2233 929 2278 lubere
951 2231 999 2279 viru
1019 2235 1162 2285 essentiendi
1179 2247 1204 2288 et

148 2304 234 2353 (luutez
255 2303 330 2360 ut‘nit,
341 2305 384 2353 linc
394 2321 420 2352 re
429 2307 537 2367 gaudere.
555 2308 586 2355 Et
593 2325 653 2372 guu-
701 2302 965 2364 eunomianorum
976 2304 1044 2351 simul
1052 2320 1065 2351 u
1072 2306 1120 2354 lilio
1129 2317 1153 2358 et
1161 2327 1203 2373 pu·

148 2379 209 2437 dere,
217 2376 303 2425 uentris
311 2384 356 2434 eut,
365 2386 391 2426 ut
399 2395 469 2440 supre
476 2382 650 2431 adnotavimus:
700 2384 766 2423 ῐθῦῑθ
776 2374 931 2438 Ρΐῡῦῦῐὶθῑᾶῐῐ·
943 2374 984 2437 z·)
1018 2375 1071 2432 9⁰³,
1080 2379 1204 2442 Pamphile,

147 2450 231 2500 ationis
251 2466 315 2507 vere,
330 2451 454 2515 gratulari.
487 2454 618 2512 Sallustius,
630 2463 653 2504 rt
700 2448 783 2513 414]Ῑᾶ
796 2448 1204 2511 est.Pamphiloprouxoreuebun-

145 2527 167 2572 ei
177 2540 228 2572 uoce
247 2540 331 2587 magne
347 2524 485 2573 uehementer
500 2529 652 2592 gratulabun-
701 2530 739 2571 tur
750 2526 831 2571 decern
841 2523 933 2570 talenta.
951 2524 982 2570 D.

146 2606 195 2645 tur.
228 2597 287 2644 Plue
296 2602 332 2643 eet
342 2614 397 2661 ergo
408 2600 519 2661 gaudere,
532 2618 599 2663 quum
611 2601 651 2648 lm·
734 2596 848 2661 Nisiquid
863 2595 939 2658 pater]
956 2595 1018 2661 (Hie
1033 2595 1133 2662 intelligi
1151 2605 1203 2653 vult

146 2669 202 2718 turi.
220 2670 253 2716 D.
700 2670 819 2725 Clrremes,
840 2668 897 2717 nilril
917 2684 943 2715 se
961 2670 992 2715 de
1009 2670 1077 2718 burris
1097 2675 1204 2736 Glycerii

151 2752 154 2765 ·
180 2740 350 2806 Naugerium]
368 2743 444 2792 Prisc.
454 2745 510 2793 vlt.
528 2748 556 2794 1..
699 2743 836 2800 abluturum,
862 2742 903 2790 sed
925 2753 1028 2804 quaerere
1048 2760 1077 2791 ue
1104 2749 1203 2810 amplius

179 2819 215 2864 44
232 2816 380 2872 Quidrertul,
392 2817 482 2881 putori]
500 2821 650 2876 Houeet,ne
700 2817 755 2878 quid
770 2815 871 2878 velit').
906 2817 998 2876 Nempe
1018 2816 1064 2864 lrou
1077 2822 1148 2868 verbu
1166 2823 1202 2870 iu·

145 2888 264 2938 irasceris.
283 2890 315 2936 D.
699 2890 763 2936 dieat
777 2888 877 2954 (dotem,
895 2896 920 2936 et
939 2889 1005 2950 quusi
1023 2891 1127 2958 manv)
1145 2930 1151 2944 .
1171 2930 1177 2944 .
1195 2933 1202 2947 ,

181 2962 246 3017 Quid
260 2970 338 3019 restat,
353 2964 448 3029 pareri]
464 2964 526 3013 Illud
536 2967 651 3029 significet
700 2963 773 3010 vestie
784 2970 900 3023 tangetur,
916 2963 949 3009 itn
969 2962 1069 3025 intelligi
1084 2967 1163 3026 debet,
1173 2979 1202 3020 ut

147 3044 172 3085 ut
182 3052 234 3084 enm
252 3036 323 3083 (lucet
331 3052 436 3093 uxorem,
447 3045 471 3086 et
488 3039 532 3086 eibi
543 3042 586 3089 hoc
597 3057 650 3103 per.
699 3036 777 3082 dotem
787 3042 897 3097 expetere
907 3034 1020 3085 videatur.
1047 3038 1105 3085 Iden
1116 3042 1202 3104 adjecit

146 3110 226 3158 millet
236 3115 311 3171 puter.
330 3111 358 3158 Ε.
699 3109 797 3166 scilicet,
807 3115 929 3172 postquem
942 3108 1082 3173 (plusquam,
1090 3113 1155 3179 lege)
1167 3117 1204 3164 in.

182 3183 254 3232 Crede
269 3183 369 3247 eredere]
385 3183 450 3232 Tulin
471 3186 594 3248 geminatio
614 3196 649 3237 est
698 3181 791 3230 lellexil
802 3182 884 3229 'Num
904 3182 1031 3244 antiquitus
1041 3184 1084 3231 dos
1103 3186 1202 3239 debatur

147 3256 207 3304 inire
217 3257 247 3303 V.
257 3260 280 3302 1.
291 3263 314 3303 et
323 3259 346 3304 2.
358 3272 392 3304 me
399 3262 464 3318 putet
474 3270 612 3321 eerrputaee.
625 3279 648 3309 r.
699 3263 792 3316 epatre
807 3256 900 3317 puellae.
935 3257 1006 3317 Eutq
1023 3290 1030 3304 .
1049 3257 1201 3328 .(nutem*)

148 3329 240 3377 Duker.
253 3331 283 3377 de
293 3329 378 3377 lutiuit.
391 3336 463 3378 veter.
481 3333 610 3382 Juriuuonu.
621 3352 647 3397 p.
698 3328 743 3375 (10⁵
753 3345 799 3389 <111⁰
812 3345 836 3376 se
846 3332 958 3392 conjuges
976 3364 982 3377 ·
1001 3364 1007 3376 ·
1026 3364 1032 3378 .
1047 3347 1076 3378 uu
1090 3332 1152 3399 (sine
1169 3354 1201 3386 nn

146 3405 204 3451 331.
221 3403 253 3450 R.
264 3405 295 3450 D.
697 3407 722 3447 et
739 3401 806 3461 signo
822 3401 910 3449 lecunae
921 3401 1202 3471 posuitWesterlrnvlue)

178 3477 211 3524 45
230 3473 357 3536 Olepr'dum
368 3476 469 3540 putrem]
486 3479 514 3523 ln
528 3496 573 3540 quo
583 3480 648 3544 levo.
698 3489 761 3520 mure
770 3475 864 3536 entique
876 3509 900 3523 ..
917 3474 1202 3541 (ouemuut*)quuuueru·

145 3550 179 3598 rin
190 3557 227 3596 est
236 3548 368 3608 plurimum,
380 3548 466 3610 lpidru
476 3550 568 3599 dieitur.
587 3555 647 3601 Nam
697 3547 761 3594 tione
768 3548 949 3594 meter-sumilins
960 3549 1048 3596 dicitnr
1059 3550 1081 3596 ⁵.
1099 3551 1127 3599 Il.

145 3622 370 3684 laepcsestvenustae.
388 3622 420 3669 D.
731 3619 778 3667 Dee
793 3628 824 3667 est
844 3621 916 3668 decem
936 3620 1034 3683 talentu]
1062 3621 1149 3671 Allueit
1169 3629 1200 3676 ud

148 3696 152 3707 '
177 3696 211 3741 46
228 3691 271 3741 Nil
291 3701 365 3740 mutet
383 3693 495 3758 Chremes]
518 3696 551 3743 Ut
573 3712 647 3759 ueque
697 3693 759 3739 hune
781 3693 858 3740 locum
878 3694 958 3740 Sidou.
977 3694 1081 3754 Apullln.
1103 3696 1144 3745 lib.
1164 3702 1199 3751 11.

144 3765 301 3814 conditionem
312 3781 394 3813 novum
404 3768 470 3824 serat,
481 3774 505 3816 et
513 3769 647 3832 omui'uquae
698 3766 803 3828 Ep.XI.
836 3764 973 3829 Numqueul
983 3764 1082 3831 familie
1092 3774 1201 3833 mpericri

145 3842 197 3901 eJun
208 3839 308 3895 luerunt,
320 3839 409 3887 lrubeut.
428 3843 458 3889 Ε.
694 3853 738 3899 per
737 3839 815 3901 filium
827 3839 910 3895 saltem,
929 3856 1062 3902 quamquem
1079 3840 1201 3895 horrentes.

178 3909 647 3976 Demere]1.e.quede‹1uxoremaui-
697 3914 907 3976 mamjungereer,
925 3922 1001 3961 ennea
1020 3916 1118 3978 rigerem
1134 3919 1201 3969 civici

145 3992 193 4033 uel.
204 3985 228 4032 iu
238 3986 284 4032 Ad.
295 3986 330 4033 11.
341 3990 364 4033 1.
376 3989 416 4035 50.
428 3986 455 4033 cle
472 3998 572 4051 urgente,
591 4005 647 4036 nem-
696 3984 915 4046 rumpendum
921 3985 1044 4050 utj'erunt,
1052 3987 1125 4036 dotem
1132 3990 1202 4040 Girre-

144 4060 217 4106 uium.
234 4058 323 4106 (licad
335 4059 422 4107 Diu.1.
433 4064 456 4107 1.
474 4060 590 4108 Horuensii
599 4077 647 4109 ren·
695 4073 740 4105 meu
748 4068 823 4107 muer
836 4058 1000 4121 Pamphilum
1010 4061 1105 4111 eneae.
1121 4064 1150 4111 1..

144 4132 533 4196 tentiuceditreligierrirleeeercitu.
551 4136 645 4183 Sueten.
728 4132 793 4193 Lege
801 4132 878 4179 nete
894 4134 957 4195 quid,
974 4140 998 4181 et
1014 4136 1039 4183 id
1060 4136 1137 4184 tribue
1153 4138 1201 4202 ipsi

143 4202 167 4249 in
176 4203 254 4251 tiber.
267 4220 287 4250 e.
301 4207 340 4253 13.
353 4204 512 4270 decegniriene
526 4207 648 4256 intercessit
697 4203 819 4265 Pamphilo
830 4204 934 4265 loquenti
944 4220 1028 4268 nempe.
1046 4209 1074 4255 B.

144 4276 268 4338 Augustus.
286 4278 317 4323 R.
331 4279 361 4324 D.
729 4280 762 4325 48
779 4277 878 4343 Accipio]
896 4280 940 4326 llle
959 4280 1006 4327 nisi
1025 4280 1132 4340 dixisset,
1141 4287 1201 4334 ucci-

174 4344 207 4389 47
224 4340 308 4405 Nempe
317 4342 412 4407 scilieet]
425 4341 515 4407 Nmpe,
525 4347 646 4405 eteeilieet,
693 4350 743 4411 pin,
758 4351 802 4398 (lue
819 4365 866 4398 nou
883 4359 954 4400 eruet.
966 4352 1029 4400 (letio
1049 4353 1111 4417 enim
1122 4357 1151 4404 ab
1161 4373 1201 4404 nc·
