2917 4950
218 392 274 514 lael
500 456 685 539 BLOGlA
706 456 959 524 veretum.

227 652 326 696 eorem
339 635 432 717 megia
448 649 481 700 et
498 637 674 719 elegamm
685 637 717 698 in
729 637 918 699 maiore
935 650 1117 712 eruunt,
1135 658 1225 735 qm.

228 730 383 795 veriorem
395 732 651 819 interpretationis.

436 886 546 967 roem,
559 888 604 954 m
617 888 757 955 nuum
772 848 1014 958 humum.

249 1000 348 1066 limo
361 1022 425 1067 esse
437 1004 569 1086 regulam
580 1005 651 1068 boni
663 1006 840 1086 interprete,
858 1019 894 1069 nt
913 1008 1022 1070 idioma
1037 1007 1156 1070 slterim
1168 1008 1223 1069 lin·

231 1119 308 1180 gase,
322 1120 383 1162 sum
396 1100 506 1181 lingum
515 1101 661 1183 exprimet
669 1103 865 1184 proprietate:
885 1106 965 1186 qnod
975 1106 1095 1187 quidem
1105 1118 1139 1168 et
1151 1106 1224 1167 'hil-

231 1190 302 1258 lium
315 1196 345 1257 in
359 1196 522 1278 Protagora
540 1198 680 1271 Pletonir,
702 1211 734 1260 rt
750 1200 782 1260 in
798 1202 992 1265 OEaeonomico
1010 1203 1225 1285 Xenophontie

232 1292 306 1354 etin
316 1292 524 1357 Demosthenis
537 1305 639 1355 contre
651 1294 822 1358 AErchinem
836 1299 967 1360 oratione
986 1298 1095 1361 fecisse
1108 1299 1227 1369 conrin-
1355 1364 1360 1375 ,

232 1387 334 1462 elmar,
355 1400 387 1451 et
409 1389 554 1463 Picatum,
575 1391 757 1466 Terentium,
778 1393 996 1478 Caecssiumqne,
1016 1395 1225 1458 eruditissimos

232 1482 309 1546 viror
321 1484 351 1546 in
366 1484 481 1548 Graecis
494 1486 644 1549 comoediis
656 1490 875 1553 transferendis.

464 1670 467 1677 ·
541 1642 650 1725 Idem,
665 1643 709 1712 erl
724 1644 918 1714 Paulinum.

274 1764 376 1827 Habet
389 1764 618 1845 unumquodque
631 1764 810 1845 propositum
821 1764 967 1846 principes
980 1782 1056 1826 suos.
1099 1760 1226 1824 Romani

233 1858 324 1923 (incer
346 1860 494 1922 imitentur
522 1860 672 1931 Camillos,
695 1860 854 1933 Fabricios,
884 1861 1026 1941 Reginos,
1056 1860 1229 1942 Scipionest

230 1955 395 2039 philosophi
405 1966 569 2036 proponent
582 1953 636 2015 sibi
651 1953 859 2034 Pytlregorem,
875 1957 1038 2027 Socratem
1061 1958 1227 2033 Platonem,

235 2050 444 2113 Aristotelem:
470 2050 571 2111 Poetre
592 2049 765 2113 tumulentur
785 2052 954 2126 Homerum,
975 2051 1139 2131 Virgilium,
1164 2053 1230 2113 Me·

234 2146 388 2222 nendrum,
410 2145 590 2208 Terentiam

419 2300 550 2369 Paulus
562 2298 717 2381 Orosius,
739 2302 800 2368 lib.
814 2301 879 2370 IV.
894 2321 971 2389 onp.
985 2303 1040 2380 19.
1069 2373 1072 2379 ,

228 2468 233 2484 .
277 2422 376 2508 Scipio
387 2424 450 2505 lem
462 2433 533 2483 tune
545 2430 740 2501 cognomento
754 2421 918 2497 Africanus,
934 2422 1113 2504 triumphans
1126 2420 1230 2485 arbem

194 2543 209 2573 .·
231 2520 382 2602 'mgrersur
401 2529 456 2593 ert,
479 2538 566 2601 quem
582 2517 749 2590 Terentius,
771 2520 820 2600 qni
834 2531 939 2601 postea
958 2520 1096 2593 comicus,
1118 2541 1156 2582 ex
1178 2541 1231 2581 no·

236 2618 342 2680 bilibus
356 2613 641 2697 Carthaginiensium
654 2614 777 2694 captivis
790 2616 926 2696 pileatus,
947 2617 1027 2697 quod
1040 2615 1163 2678 indultre
1176 2615 1232 2678 sibi
1266 2643 1268 2647 ·

236 2713 504 2793 libertatisinsigne
514 2710 578 2784 huit,
600 2709 828 2792 triumphantem
836 2725 904 2794 post
913 2731 1032 2775 currum
1043 2713 1163 2776 secutus
1176 2725 1231 2776 eat.

235 2876 343 2951 Livius,
354 2875 405 2938 lib.
419 2876 514 2947 XXX,
525 2893 585 2936 non
599 2874 742 2938 comicum
751 2875 829 2936 hunc
839 2875 984 2957 intelligit,
999 2876 1053 2938 sed
1071 2876 1110 2937 a'd
1123 2877 1231 2938 Teren-

277 2972 348 3033 tium
371 2973 546 3038 Culleonem
565 2981 731 3032 senatorem
746 2973 833 3035 Rom.
856 2974 957 3046 refert,
979 2972 1028 3054 qui
1046 2973 1126 3055 pileo
1143 2972 1231 3053 capiti

277 3069 534 3152 impositosecutus
544 3078 590 3129 est
602 3066 768 3147 Scipionem
777 3069 1013 3150 triumphantem.
1022 3080 1104 3130 certe
1114 3069 1231 3129 deaite·

277 3178 358 3230 rutro
372 3164 558 3238 Quinetiiieni
572 3162 659 3224 etiam
673 3161 757 3226 locus
774 3186 817 3227 ex
830 3165 955 3227 deciam
967 3166 1013 3226 lx
1025 3165 1232 3249 intelligendus

277 3273 333 3330 ert

434 3394 595 3462 Sidoniae
609 3393 799 3482 Apollinem
816 3396 927 3467 carm.
941 3393 1035 3459 XX.
1143 3447 1147 3454 .

476 3514 555 3589 Quiri
568 3536 620 3580 uos
634 3496 740 3596 elounii
754 3533 858 3576 cenam
871 3511 980 3585 Letini,

477 3610 616 3693 Arpinas,
631 3612 782 3681 Petavine,
804 3611 978 3681 Mantuam,
1079 3653 1083 3658 -

478 3707 521 3792 Et
531 3719 562 3771 te
577 3709 689 3770 comica
700 3707 750 3789 qui
765 3706 853 3768 doces
864 3705 996 3788 Terenti,

374 3811 377 3818 '
480 3803 574 3877 litte,
594 3815 726 3886 tempore
738 3803 787 3886 qui
801 3815 880 3864 setus
893 3822 1005 3872 severo,

479 3899 595 3978 Grejor,
616 3902 729 3975 Plaute,
750 3902 826 3963 sales
838 3901 940 3982 lepore
953 3897 1066 3962 mansis.

399 4057 545 4125 Rufinus
558 4059 808 4125 Grammaticus
822 4056 1074 4124 Antiochensis.
1196 4112 1200 4120 .

209 4185 214 4192 '
343 4178 472 4260 hpuovit
484 4191 609 4239 metmm
622 4189 775 4257 servetque
786 4175 939 4236 Terentius
949 4185 1060 4242 ertemr

340 4275 416 4336 Nem
430 4274 569 4357 prologos
582 4275 712 4335 trimetro
725 4272 824 4333 dirim
837 4289 1015 4352 componere
1028 4279 1123 4339 tersa,¹

341 4373 561 4455 Seenmumque
573 4383 655 4434 ectus
665 4370 773 4455 primos
787 4370 863 4451 pede
876 4367 987 4429 claudit
999 4363 1114 4430 eodem.
