2917 4950
406 811 938 912 ARGUMENTUM.

628 1101 726 1135 -ο-

184 1306 190 1406 ἶ
222 1319 363 1384 RAPTA
382 1319 520 1400 quadam
537 1341 577 1383 ex
594 1324 697 1396 Attica
709 1323 792 1403 virgo
804 1323 919 1395 nobilis,
941 1336 1029 1406 atque
1048 1323 1178 1400 obducta

183 1430 229 1490 est
242 1418 402 1490 Rhodum
421 1413 524 1498 ibique
533 1419 620 1490 matri
634 1418 755 1490 Thaidis
765 1419 926 1492 meretricis
939 1422 977 1481 ab
991 1424 1087 1492 amico
1100 1425 1180 1486 dono

182 1514 250 1577 data
263 1526 319 1588 est,
333 1525 364 1575 et
377 1515 504 1596 educata
517 1516 597 1576 velut
616 1534 709 1587 soror,
729 1534 865 1578 unacum
877 1515 938 1577 filia
949 1517 1076 1581 Thaide.
1117 1521 1181 1582 Sed

182 1612 283 1686 Thais,
297 1610 401 1671 relicta
419 1622 523 1685 matre,
546 1613 654 1673 Rhodo
675 1632 743 1674 oum
757 1624 887 1673 amatore
903 1615 1181 1692 quodamAthenss

181 1729 214 1794 re
233 1709 357 1769 contulit
368 1729 384 1795 :¹
398 1711 435 1780 ab
450 1730 545 1790 eoque
564 1710 795 1776 heresinstituta
812 1722 940 1783 monuo,
959 1731 1028 1782 mox,
1048 1732 1068 1772 a
1087 1712 1180 1784 milita

182 1806 334 1878 Thrasone
348 1805 523 1885 diligebatur
533 1806 629 1874 nimis.
670 1807 728 1875 Qui
742 1826 810 1867 oum
819 1807 941 1868 Athenis
953 1801 1104 1888 profectus
1117 1829 1179 1870 ma-

180 1912 255 1964 trem
270 1902 391 1978 Thaidis
402 1913 550 1990 mortuam
564 1904 670 1991 Rhodi
686 1904 890 1984 comperisset,
902 1915 933 1964 et
946 1906 1180 1987 eamrirginem,

181 2019 267 2079 quam
285 1999 421 2072 diximus,
438 2002 477 2070 ab
496 2000 653 2063 heredibus
671 2013 797 2062 mortuae
809 2002 1059 2065 animadvertisset
1072 2023 1180 2072 renum

180 2115 245 2170 esse
258 2096 452 2176 propositam:
474 2098 606 2181 quamvis
622 2096 746 2179 >ignarus
767 2118 864 2159 rerum
887 2099 1025 2174 omnium,
1047 2101 1117 2161 emit
1134 2110 1177 2160 tas

179 2210 257 2264 men,
279 2201 310 2251 et
330 2192 408 2252 dono
433 2203 537 2253 amatre
558 2194 665 2255 Thaidi
688 2196 767 2256 vexit
789 2194 933 2256 Athenas.
974 2181 1086 2266 Verum
1101 2207 1180 2277 post-

180 2307 267 2369 quam
294 2288 452 2349 adveniens
479 2289 598 2350 rivalem
622 2290 788 2354 Phaedriam
812 2291 892 2371 apud
914 2292 1038 2354 amicam
1058 2295 1179 2373 reperit,

167 2404 266 2464 ⁴quern
276 2405 330 2465 per
341 2391 403 2463 ejus
417 2385 577 2446 absentiam
589 2385 644 2447 sibi
656 2375 795 2446 meretiix
811 2386 994 2448 consiliarat:
1012 2387 1176 2462 affirmavit,

180 2501 210 2542 se
224 2502 283 2542 non
294 2493 361 2542 ante
376 2484 512 2543 daturum
529 2484 699 2563 promissam
712 2483 864 2563 virginem,
885 2505 972 2564 quam
988 2482 1079 2546 Thais
1097 2486 1177 2549 foras

180 2581 316 2638 amulum
329 2581 499 2660 pepulisset.
540 2580 596 2640 llla
614 2580 714 2661 igitur,
735 2581 789 2641 etsi
807 2592 919 2641 amaret
933 2580 1109 2659 Phaedriam,
1124 2602 1177 2642 cu-

180 2676 300 2756 piditate
312 2688 413 2737 umen
425 2666 635 2757 recuperandae
645 2677 763 2757 virginis
777 2689 808 2737 et
822 2678 891 2738 civis
906 2678 1027 2750 Attica,
1049 2689 1080 2737 et
1090 2697 1178 2757 quam

180 2791 199 2832 a
216 2775 336 2853 parvula
354 2785 387 2833 ut
406 2794 537 2835 sororem
557 2774 712 2847 dilexerat,
733 2775 863 2834 excludit
877 2774 1052 2834 Phaedriam.
1094 2775 1178 2835 Hinc

180 2870 228 2932 ille
237 2872 332 2952 primo
343 2871 494 2932 irascitur:
514 2883 579 2950 post
592 2882 716 2951 accepta
725 2871 798 2932 facti
808 2870 930 2942 ratione,
945 2890 963 2931 a
976 2871 1089 2931 Thaide
1103 2872 1176 2930 leui-

179 2978 243 3029 tur:
265 2980 296 3029 et
305 2969 335 3027 in
345 2969 428 3029 bidui
441 2968 567 3048 spatium
576 2980 680 3048 sponte
691 2968 860 3028 concedens
871 2967 964 3039 militi,
980 2986 1029 3027 rus
1043 2967 1177 3047 proficis·

180 3066 272 3125 citur:
294 3066 448 3145 statimque
456 3085 495 3125 ne
508 3066 545 3125 ab
560 3065 666 3125 aemulo
676 3065 845 3124 muneribus
859 3075 1056 3144 superaretur,
1072 3064 1175 3123 Eunu·

179 3162 265 3222 chum
278 3173 309 3223 et
327 3162 453 3242 puellam
467 3162 641 3222 Parmenoni
652 3163 738 3240 jubet
757 3161 857 3222 abiens
871 3162 910 3221 ad
927 3161 1069 3221 Thaidem
1085 3161 1177 3223 dedu·

180 3278 257 3319 cere.
298 3259 412 3318 Verum
427 3259 552 3320 Chaerea
562 3259 655 3318 frater
668 3258 813 3318 Phaedriae
826 3269 899 3318 tunc
914 3259 1056 3337 ephebus,
1072 3258 1134 3318 visa
1146 3258 1178 3316 in

179 3356 224 3415 via
232 3355 353 3434 virgine,
362 3355 558 3415 inflammatur
566 3375 664 3415 amore
673 3361 752 3431 ejus;
765 3366 852 3433 atque
864 3374 901 3415 eo
909 3355 1001 3414 evasit
1010 3355 1178 3415 vehementi

180 3453 294 3526 ardore,
315 3462 348 3511 ut
362 3472 416 3532 pro
431 3452 575 3512 Eunucho
588 3451 652 3532 ipse
669 3451 835 3511 deducetur
855 3451 892 3511 ad
912 3442 1066 3511 Thaidem.
1108 3452 1178 3511 Hac

180 3549 332 3610 occasione
344 3549 447 3609 vitiata
459 3549 551 3627 virgo,
565 3558 595 3607 et
610 3569 678 3609 mox
693 3547 772 3620 civis,
788 3559 819 3608 et
829 3547 932 3607 nobilis
947 3547 1073 3628 cognita,
1090 3548 1178 3608 datur

180 3666 252 3706 uror
263 3647 405 3707 Chaereae.
447 3646 583 3706 Phaedria
595 3665 665 3706 vero
679 3655 709 3704 et
722 3645 807 3704 miles
820 3644 933 3716 rivales,
955 3645 1042 3704 ambo
1057 3664 1178 3705 concor-

180 3744 231 3803 des
241 3763 294 3824 per
303 3743 463 3823 parasitum
473 3742 590 3816 redditi,
610 3742 757 3803 communi
770 3742 865 3802 amica
874 3741 937 3801 sine
951 3742 1110 3802 certamine
1123 3762 1175 3823 po·

178 3839 295 3899 tiuntur.
335 3841 370 3899 In
383 3842 470 3917 primo
483 3851 552 3899 actu
566 3838 702 3899 Phaedria
713 3839 849 3899 exclusus
860 3857 879 3898 a
892 3838 1018 3913 Thaide,
1031 3849 1063 3898 et
1076 3860 1176 3900 seeum

179 3935 282 4014 primo,
303 3946 334 3995 et
344 3956 414 3997 mox
425 3956 491 3995 cum
505 3937 689 3996 Parmenone
699 3936 887 4015 conqueritur
897 3935 1029 3996 fortunas
1044 3956 1129 3997 suas:
1144 3948 1175 3997 et

178 4032 216 4089 sd
225 4043 405 4112 postremum
418 4053 517 4093 coram
530 4042 651 4093 accusat
664 4032 818 4095 Thaidem.
853 4033 966 4093 Rursus
976 4034 1176 4113 permulcetur

179 4129 215 4186 ab
229 4130 344 4200 eadem,
365 4141 396 4188 et
409 4129 558 4190 voluntate
577 4129 754 4208 digrediens,
774 4149 824 4189 rus
843 4149 908 4191 sese
923 4150 1131 4191 concessurum
1145 4131 1176 4190 in

180 4225 301 4302 spatium
322 4225 404 4284 bidui
417 4244 481 4285 esse
501 4225 651 4306 promittit.
692 4225 830 4284 Secundus
848 4237 939 4297 actus,
958 4227 1174 4306 profectionem

179 4318 322 4381 Phaedria
336 4322 474 4394 continet,
490 4322 653 4401 delegantis
671 4343 755 4383 servo
776 4323 980 4390 deductionem
995 4325 1131 4386 Eunuchi
1142 4335 1174 4385 et
