2917 4950
432 432 549 498 ACT.
586 433 652 499 IV.
689 430 868 497 SGENA
901 431 932 496 1.

1135 434 1201 499 435

156 612 199 678 In
214 612 409 714 convitium
423 616 543 681 illamt
569 617 667 682 miles
682 618 818 683 tendere
832 618 912 682 inde
926 616 970 682 ad
980 616 1142 702 jurgium.

155 724 290 791 Interea
319 746 435 791 aurum
465 728 532 793 sibi
557 730 647 794 clam
672 732 793 796 mulier
819 730 940 796 demit:
976 730 1034 796 dat
1058 729 1141 794 mihi
1162 734 1201 795 ut

284 839 458 906 auferam:

156 946 238 1014 Hoc
257 955 310 1015 est
327 952 428 1033 signi,
445 951 504 1016 ubi
524 953 669 1036 primum
687 954 823 1038 poterit,
844 973 882 1020 se
905 953 999 1019 illinc
1023 950 1200 1028 subducet,

284 1061 369 1127 scio.

628 1278 726 1294 nnn-—

410 1414 534 1492 ACT.
561 1415 631 1494 IV.
676 1417 866 1496 SCENA'
887 1417 939 1496 II.

592 1596 761 1645 Pflmnmn.

200 1703 310 1769 DUM
324 1724 380 1769 rus
396 1725 453 1800 eo,
466 1710 559 1794 coepi
575 1716 708 1795 egomet
721 1731 855 1802 mecum
869 1709 1057 1787 intervias,

187 1866 220 1912 12
231 1861 261 1910 Ia
272 1867 395 1913 eorroioicm
406 1853 502 1931 iliensis
511 1868 592 1932 (Forte
603 1873 652 1917 Do·

152 1936 287 1998 natusiegit
294 1937 343 1984 tun’
351 1937 375 1984 in
383 1941 590 1988 conviviumitium?
601 1959 652 2004 quse

152 2008 224 2055 lectio
231 2009 328 2057 inlibris
334 2012 387 2059 Ter.
393 2011 529 2072 quibusdam
537 2023 583 2062 est:
595 2017 653 2063 adeo

152 2088 182 2126 nt
190 2083 220 2127 ad
228 2081 277 2128 tnn'
286 2082 399 2143 pertineat
406 2101 502 2146 sequens
508 2086 548 2148 Z.)
556 2085 653 2149 ὶμφατι-

152 2154 203 2205 sn'ie.
211 2154 307 2216 utVirg.
316 2156 367 2202 Eoi.
374 2157 421 2202 IlI.
430 2161 468 2205 25.
476 2160 585 2206 cantando
593 2169 619 2206 tu
625 2160 654 2206 ii·

154 2225 223 2272 lam?
243 2226 341 2291 Hiemi]
359 2231 441 2286 Deest,
452 2247 566 2278 arcessas:
584 2239 607 2279 et
618 2241 654 2279 est

154 2298 229 2358 figura
237 2301 393 2355 inconcinnum.
419 2302 589 2366 Mitetendere]
599 2306 655 2351 Pro·

153 2370 206 2432 prie
217 2371 278 2418 dixit
286 2374 383 2427 tendere,
394 2377 456 2434 quod
465 2375 579 2437 significat
586 2379 656 2437 perti-

153 2461 234 2493 nacem
251 2447 427 2496 contentionem.
461 2450 581 2511 Virgilius,
596 2459 655 2498 insto

152 2521 274 2567 certamine
284 2520 380 2567 tendant
392 2521 446 2567 AEn.
460 2522 521 2568 XII.
533 2526 589 2571 553.
602 2524 655 2570 inde

152 2593 184 2638 ud
196 2593 318 2656 jurgium]
338 2593 488 2650 Subauditur,
504 2602 593 2642 uentum
614 2603 652 2642 est.

186 2736 218 2783 In
227 2738 351 2785 convicium
367 2739 459 2803 stunt]
476 2740 545 2801 Apud
558 2738 655 2788 Grtecos

153 2810 216 2856 enirn
226 2811 309 2858 mulier
319 2812 413 2859 honesta
425 2812 450 2877 in
463 2814 594 2860 convivium
608 2830 655 2861 non

150 2884 312 2939 adhibebatur,
324 2884 369 2932 nisi
381 2885 568 2947 propinquorum.
585 2888 654 2933 Corn.

153 2957 179 3003 in
190 2957 260 3003 Praef.
295 2956 357 3003 Hinc
370 2957 520 3005 Phiiodamns
533 2960 593 3021 apud
604 2961 653 3007 Cic.

152 3029 223 3074 Verr.
234 3029 255 3074 I.
269 3031 308 3075 26.
319 3029 422 3091 negarit,
438 3030 509 3077 moris
523 3047 575 3077 esse
587 3031 654 3080 Groe-

153 3116 241 3158 curum,
253 3100 312 3147 utin
327 3101 434 3148 convivio
450 3102 551 3149 virorum
565 3119 655 3151 accum-

152 3173 237 3220 berent
246 3172 363 3230 mulieres,
376 3190 408 3219 sc.
421 3175 530 3221 honeste.
548 3175 572 3221 Z.

187 3243 348 3291 Ineoncim'nm
360 3244 434 3307 iiiam]
441 3247 510 3307 Apud
519 3249 613 3294 Graeeoa
625 3248 655 3294 ti-

152 3315 243 3363 bicines
252 3325 276 3363 et
283 3318 414 3365 meretrices
423 3318 538 3365 conviviis
549 3320 654 3367 adhiberi

153 3389 266 3445 solebant,
284 3406 329 3436 non
345 3391 453 3437 mulieres
470 3391 613 3440 honestiores
629 3409 652 3440 v.

154 3462 219 3523 Nep.
231 3462 254 3508 iu
265 3463 404 3524 praefatione.
424 3463 455 3508 R.
469 3465 501 3509 D.

187 3534 285 3581 Tendere
303 3537 325 3582 1.
346 3551 367 3581 e.
389 3536 483 3591 instare,
504 3535 654 3598 pertinaciter

153 3608 303 3654 contendere.
320 3609 373 3655 Lir.
386 3608 488 3655 XXIII.
498 3612 536 3656 14.
544 3611 564 3656 ei
572 3625 654 3670 propa·

153 3679 199 3731 lum
211 3681 325 3726 tenderent
336 3680 374 3727 ubi
388 3697 409 3728 r.
423 3683 526 3728 Gronov.
545 3683 575 3728 R.
589 3683 620 3728 D.

186 3754 219 3799 13
236 3750 325 3800 Interea
342 3769 424 3800 unnim
439 3754 480 3801 sibi
496 3753 555 3801 cium
573 3753 654 3801 mittier

153 3816 233 3880 demit]
254 3818 290 3864 Ne
308 3832 387 3864 aurum
409 3832 452 3879 pro
471 3819 569 3880 virgine,
591 3821 653 3879 quod

154 3888 236 3951 (pram
245 3887 367 3953 legendu-
383 3897 450 3951 putat
460 3890 574 3952 Wieling.
607 3892 653 3938 Sed

153 3968 213 4015 forte
225 3969 272 4031 leg.
284 3985 312 4016 ne
325 3985 408 4017 aunem
421 3985 462 4031 per
470 3972 587 4033 jurgium,
597 3972 654 4032 quod

152 4040 653 4104 wintonium)retinebat,amitteret:

152 4113 193 4159 rel
203 4129 286 4160 canem
297 4114 378 4170 demit,
385 4123 411 4162 ut
419 4121 481 4163 esset
489 4116 519 4161 ad
527 4116 605 4176 fugam
614 4131 655 4162 ex·

153 4184 265 4246 pentum,
276 4189 314 4234 vel
326 4189 355 4235 ad
366 4188 449 4235 rixam.
484 4190 515 4236 Et
526 4196 656 4250 opportune

153 4256 269 4303 mulierem
281 4259 358 4315 dixit,
375 4276 421 4307 non
438 4259 545 4308 thaidem
551 4278 560 4319 ,·
581 4267 606 4308 ut
619 4277 657 4308 os·

154 4330 260 4377 tenderet
274 4331 386 4380 malitiam
402 4348 472 4381 serus
486 4332 609 4398 (Scholion
626 4334 655 4381 de

154 4402 252 4452 muliere
263 4404 358 4454 Donato
368 4405 489 4468 indignum
497 4406 541 4472 D.)
558 4407 590 4456 D.

735 1871 837 1934 domm]
860 1873 881 1918 I.
901 1888 921 1919 e.
945 1887 1013 1919 aurea
1034 1869 1116 1932 capitis
1135 1883 1202 1919 orna·

701 1952 788 1992 menta.
806 1946 835 1991 R.
848 1946 879 1990 D.

738 2022 769 2065 14
786 2017 834 2064 Hoc
844 2026 875 2064 est
885 2018 951 2080 signi,
959 2018 998 2064 uhi
1005 2019 1102 2077 primum
1109 2016 1203 2080 poterit]

704 2090 739 2137 Ad
761 2106 827 2151 quam
846 2105 894 2136 rem
912 2088 984 2151 signi?
1007 2090 1091 2135 Utrum
1107 2088 1151 2134 hoc
1168 2094 1204 2135 eat

704 2162 774 2223 signi,
786 2164 924 2224 piamonem
935 2171 1041 2217 metuam,
1050 2175 1077 2206 ne
1088 2176 1154 2222 quam
1165 2161 1204 2207 iiie

705 2233 769 2279 hodie
788 2237 877 2280 insanin
894 2235 982 2281 turbam
995 2231 1082 2297 saciat,
1098 2241 1140 2279 aut
1160 2234 1205 2280 vim

706 2305 805 2353 Thaidi?
827 2321 854 2352 au
874 2307 918 2352 hoc
937 2312 973 2352 est
993 2305 1061 2366 signi,
1082 2305 1143 2352 crede
1161 2308 1205 2353 scio

705 2379 762 2438 unni
770 2378 809 2423 ubi
817 2378 916 2438 primum
923 2378 1008 2437 potetit,
1017 2376 1109 2423 scillino
1118 2377 1204 2423 subda-
1268 2387 1274 2396 '

704 2452 755 2496 eet?
782 2450 834 2496 Erit
852 2448 923 2512 igitur
951 2448 1134 2497 subandiendum
1149 2449 1204 2505 'aio‚

703 2524 765 2571 unde
781 2529 805 2570 et
815 2524 883 2584 quud:
901 2529 926 2569 ut
937 2522 978 2579 sit,
989 2522 1050 2568 unde
1068 2522 1125 2577 scio,
1142 2523 1204 2581 quod

705 2597 746 2642 uhi
757 2597 856 2657 primurn
866 2596 960 2656 poterit.
978 2597 1009 2641 D.

738 2669 838 2715 Daeeria
853 2669 942 2716 duabus
959 2666 1081 2714 decausis
1099 2666 1205 2727 opinatur

704 2740 816 2786 Thaidem
826 2740 869 2786 sihi
877 2740 1090 2796 anrumdemsisse3
1105 2738 1205 2800 primum

704 2828 734 2859 ne
752 2814 811 2859 sorte
827 2813 893 2860 mites
909 2812 1021 2859 auferret:
1041 2811 1127 2858 deinde
1142 2814 1205 2872 quod

705 2883 865 2931 meretricibus
881 2885 905 2932 in
921 2885 1040 2946 pubiicum
1050 2900 1107 2931 auru
1118 2884 1205 2931 ornatis
1216 2941 1219 2945 1

704 2958 800 3019 prodire
811 2974 856 3004 non
866 2958 958 3005 licitum
969 2958 1045 3004 fuerit.
1063 2960 1090 3004 Z.

737 3031 859 3095 schumet]
876 3031 1040 3078 subducerem
1056 3038 1092 3078 est
1106 3032 1165 3079 clam
1181 3039 1207 3080 et

703 3103 782 3149 furtim
796 3104 916 3151 decedere.
936 3103 995 3150 iufra
1009 3104 1052 3149 lv.
1063 3106 1088 3150 7.
1101 3108 1140 3154 25.
1153 3120 1206 3152 cam

704 3189 728 3220 eo
738 3174 796 3220 elom
809 3184 830 3222 te
839 3176 944 3222 subduxti
953 3175 1009 3222 mihi
1018 3177 1081 3236 Nep.
1093 3175 1117 3222 in
1128 3175 1217 3223 Alcib-

704 3264 725 3293 a.
737 3251 761 3295 4.
769 3248 827 3294 chrm
834 3262 856 3294 se
866 3250 991 3295 custodibus
999 3250 1111 3296 subducit.
1130 3250 1161 3296 R.
1172 3250 1205 3296 D.

737 3322 751 3364 1
765 3317 827 3366 Dum
837 3335 876 3367 nu
884 3336 916 3377 ec,
924 3321 980 3380 caepi
987 3321 1079 3384 egunet]
1088 3320 1136 3367 Hic
1144 3337 1205 3367 nnnc

704 3405 773 3436 causa
789 3398 903 3450 narratur,
923 3408 964 3437 cnr
984 3392 1062 3438 statim
1082 3393 1105 3438 in
1124 3394 1205 3439 urbem

704 3464 784 3510 redeat
792 3463 906 3520 Phaedria,
915 3464 954 3525 qui
964 3464 1102 3511 discesserat
1114 3465 1205 3512 abfutu-

702 3550 742 3582 rus
750 3534 854 3593 biduum,
862 3538 890 3583 ad
898 3537 1024 3583 tollendum
1031 3536 1134 3598 jurgium
1145 3537 1211 3603 mili--

702 3609 742 3664 tis,
753 3617 777 3655 et
788 3610 841 3673 (sed
851 3617 888 3656 est
898 3609 921 3656 in
933 3616 1030 3670 utroque
1046 3611 1098 3655 cod.
1111 3615 1135 3655 et
1150 3611 1204 3656 edd.
1296 3658 1302 3669 ,

703 3680 799 3744 Venet.)
809 3683 939 3743 importune
946 3683 1013 3730 redit.
1048 3680 1110 3728 Dum
1119 3698 1159 3729 nas
1168 3682 1205 3745 eo]

703 3757 756 3803 Jam
770 3761 863 3816 tempus
879 3763 916 3802 est
931 3753 1055 3802 reuocandi
1071 3754 1096 3799 in
1112 3769 1204 3802 scenam

703 3826 843 3883 Phaedriam,
858 3835 980 3888 postquam
994 3833 1044 3872 acta
1057 3832 1111 3873 aunt
1121 3828 1205 3884 omnIa,

704 3898 823 3960 quaeiliius
830 3899 1133 3947 absentiamdesiderabant.
1144 3898 1206 3960 Cepi

703 3979 788 4033 egomet
797 3975 893 4037 ameum]
912 3973 985 4031 Ordo,
999 3973 1060 4033 coepi
1076 3972 1144 4020 aliam
1155 3990 1206 4021 rem

704 4059 737 4090 ex
746 4044 825 4091 aliare
842 4045 953 4106 cogitare.
986 4042 1050 4092 Inter
1063 4042 1121 4106 uias]
1134 4045 1205 4108 Figa-

705 4123 755 4163 rate
764 4124 788 4164 et
799 4132 859 4165 nove
869 4121 930 4165 Inter
938 4119 992 4165 uias.
1010 4119 1041 4164 D.

739 4187 802 4234 Dum
810 4204 850 4237 rua
857 4189 892 4253 eo]
905 4191 964 4237 Haec
975 4205 1045 4237 scena
1055 4188 1206 4250 quoestionem

704 4262 774 4308 babet
785 4262 947 4320 adolescentis,
962 4263 1025 4325 quud
1040 4261 1111 4310 nimiu
1128 4277 1208 4308 amore

704 4334 777 4380 multa
794 4334 868 4381 officia
884 4352 929 4385 non
945 4338 1035 4399 integre
1051 4339 1128 4386 mente
1144 4350 1207 4382 ocn-

705 4406 812 4468 pleverit.
830 4409 859 4456 E.
