2917 4950
306 579 307 582 ‘
390 555 536 684 Trou.
576 607 630 685 11.
693 609 917 690 sonitu
958 612 1038 690 lt·
1081 619 1085 628 ’

371 775 375 782 ’
439 775 557 854 navus
573 806 751 857 curamus.
770 807 969 859 sturmius.

225 945 280 1011 m
301 945 394 1022 noni,
415 944 497 1009 nont
517 913 602 1029 lure
623 947 743 1030 portet
762 945 836 1012 ree
857 947 917 1011 um
939 948 1110 1028 inveniam
1124 949 1224 1015 ram-

309 1055 439 1139 philum
450 1057 465 1119 l

180 1164 229 1230 Ui
251 1171 387 1244 metum,
411 1165 446 1230 iu
469 1186 537 1254 quo
562 1187 652 1232 nune
677 1173 740 1247 est,
760 1169 917 1249 adimam,
940 1171 1223 1256 atqne‘expleam
1327 1185 1331 1190 ·

309 1278 458 1345 animum
472 1273 610 1361 gaudio.

178 1386 218 1452 G.
243 1388 361 1453 Laetus
375 1393 439 1466 ost,
454 1391 573 1455 nescio
589 1389 682 1475 quid.
715 1391 757 1455 P.
772 1389 869 1455 Nihil
883 1394 955 1456 est:
976 1390 1124 1456 noudum
1144 1390 1221 1458 haeo

294 1495 447 1567 'rescivit
460 1499 562 1580 mala,
1272 1497 1275 1502 ’

178 1609 223 1675 D.
247 1610 359 1691 Quem
380 1631 443 1696 ego
457 1631 547 1678 nuno
563 1613 676 1692 oredo,
691 1612 722 1677 si
738 1612 812 1697 jam
830 1611 975 1677 audierit
994 1612 1061 1678 sibi
1082 1618 1222 1696 paratas

305 1724 454 1807 nuptias,
560 1723 565 1733 '

208 1860 293 1907 enee
304 1875 372 1907 soene
381 1859 502 1909 eonsilium
511 1861 614 1909 eontinet
622 1878 676 1924 per·
723 1859 798 1907 tiones
820 1857 978 1906 admirantium
999 1864 1023 1906 et
1050 1858 1219 1907 obmatantiunr.

175 1932 397 1994 sonarum,adquas
409 1933 507 1981 maxime
521 1933 623 1995 pertinet
639 1950 675 1981 ar·
724 1932 838 1981 nenti.
857 1937 879 1979 1.
900 1936 940 1982 19.
959 1938 983 1979 et
999 1930 1088 1979 Duker.
1105 1933 1134 1979 ad
1153 1931 1217 1982 Flor.

176 2012 314 2069 protentum.
348 2005 379 2053 Et
395 2007 432 2054 hie
442 2015 478 2053 est
492 2008 567 2064 loeus,
579 2008 602 2055 in
619 2023 673 2069 quo,
723 2008 790 2052 oli.
808 2006 837 2052 tt.
845 2006 877 2052 D.

173 2078 254 2125 utfieri
265 2078 334 2134 solet,
340 2077 430 2125 fortuna
436 2078 508 2126 mixta
516 2081 586 2128 rebus
595 2080 673 2141 dispo·
756 2076 814 2125 Boni
824 2078 877 2139 quid
885 2077 959 2143 porto]
977 2079 1071 2125 Portare
1081 2078 1174 2141 proprie
1184 2086 1221 2127 est

173 2150 425 2212 ritie,rnaguastnrbm
436 2154 483 2200 dat.
512 2151 674 2209 Direptum
721 2150 782 2197 ferre
796 2148 883 2211 aliquid
896 2150 1158 2210 magnumsivebonmn
1168 2151 1219 2200 rire

173 2224 225 2285 qaid
238 2223 313 2285 porto]
329 2224 383 2271 Non
399 2224 482 2272 mirum
497 2226 559 2287 quod
573 2226 673 2273 insolen·
721 2223 814 2270 mulum.
824 2238 846 2270 v.
859 2222 942 2270 Donat.
955 2223 985 2270 ad
1000 2223 1023 2270 h.
1034 2222 1051 2270 1.
1064 2230 1088 2270 et
1096 2225 1156 2271 Heo.
1168 2225 1217 2273 111.

172 2294 220 2343 tius
230 2296 313 2343 Davus
324 2298 422 2352 exultat,
435 2298 481 2359 qui,
493 2305 520 2345 ut
530 2299 594 2347 Simo
609 2299 673 2346 dioe·
721 2299 744 2344 ἃ
757 2298 796 2345 63.
807 2300 830 2341 et
841 2294 965 2341 Burmann.
974 2295 1004 2341 ad
1016 2295 1110 2342 Petrou.
1128 2297 1157 2344 tt.
1170 2297 1202 2344 D.
1231 2307 1235 2320 ‘

172 2371 221 2427 bat,
231 2370 325 2418 timidus
335 2370 389 2426 ruit,
403 2379 430 2419 ut
439 2372 490 2433 ipro
501 2372 593 2429 Davus,
603 2372 671 2419 etiam
753 2370 768 2415 2
783 2366 814 2414 Ut
824 2375 915 2423 mnam,
924 2369 949 2413 in
956 2382 999 2429 qao
1008 2384 1070 2416 narie
1076 2376 1112 2425 ert,
1120 2370 1218 2417 adimam

173 2442 305 2505 desperavit
321 2443 394 2509 (lege,
410 2453 456 2493 tem
474 2446 567 2494 termus
579 2445 633 2511 snit
651 2453 673 2494 er
719 2448 785 2503 arque
794 2438 889 2502 reptem
905 2440 1004 2486 animem
1019 2441 1115 2506 gaudio]
1130 2444 1218 2491 Ordine

169 2516 364 2576 perturbemur
382 2517 449 2564 eriam
467 2518 626 2580 desperaverit)
642 2535 673 2565 ει
719 2514 810 2562 looutuo
825 2519 868 2561 est.
901 2513 971 2560 Prius
987 2513 1047 2560 enirn
1065 2524 1152 2563 metum
1168 2517 1218 2564 adi·

171 2590 301 2650 nuptiarum
324 2597 420 2647 terrore,
442 2607 499 2651 quaa
526 2607 586 2639 nuno
605 2592 673 2637 salsas
719 2600 791 2642 mere,
807 2585 840 2632 rie
856 2587 949 2633 demum
969 2585 1054 2645 gaudio
1070 2588 1218 2647 perfundere.

171 2662 292 2723 comperit.
334 2661 368 2710 Di
388 2663 445 2718 doni,
461 2665 510 2711 boni
526 2665 579 2727 qnid
596 2662 670 2726 porto]
719 2657 768 2705 Hio
779 2659 836 2706 ordo
846 2658 915 2706 etism
925 2658 950 2705 in
960 2658 1028 2705 lande
1039 2666 1151 2709 servatur.
1169 2661 1200 2708 D.

172 2733 209 2780 Ex
220 2734 327 2796 proximo
342 2736 454 2797 repetivit
469 2736 518 2783 bis:
536 2737 576 2782 sed
595 2744 670 2783 tamen
754 2729 786 2777 Ut
806 2738 887 2778 melum
907 2731 938 2785 ὺῑΚ
957 2746 999 2792 quo
1023 2733 1096 2796 mne]
1123 2733 1219 2780 Servius

170 2806 268 2854 alterum
293 2807 434 2855 nominativo
456 2810 549 2871 plurali,
574 2810 670 2856 alterum
719 2802 813 2851 AEneld·
825 2805 846 2850 1.
856 2803 886 2852 td
895 2802 1028 2852 illumvert·
1036 2804 1126 2853 Abolm
1136 2805 1219 2853 Stete-

107 2868 114 2885 ⁸
171 2879 274 2941 genitivo
292 2880 403 2943 singulari
421 2882 508 2929 dietum
526 2889 569 2930 est.
608 2882 670 2937 dote
716 2893 763 2924 tim·
782 2879 809 2926 1¹·

169 2952 242 3015 porto]
259 2953 313 3000 Nou
329 2954 403 3001 solnm
419 2970 525 3015 eorpore,
542 2955 669 3003 sedetiam
749 2949 788 3016 Ne
802 2958 884 2997 mmmm
897 2948 922 2996 in
938 2950 1000 2998 thesi
1015 2959 1087 2999 totum
1104 2951 1218 3010 subsidat,

170 3025 246 3072 auimo
256 3033 376 3086 portamus
387 3033 432 3073 tarn
444 3027 511 3081 bona.
521 3042 588 3089 qoem
602 3028 669 3075 malr.
719 3023 760 3070 sed
771 3021 854 3069 melius
870 3022 1014 3078 exaudiatur,
1029 3027 1109 3085 proin
1119 3042 1168 3089 qtto,
1180 3042 1217 3073 re·

170 3097 208 3146 Sie
219 3097 285 3156 alibi,
296 3114 325 3146 ne
340 3099 394 3162 quid
402 3100 490 3147 Andria
499 3108 597 3162 ‹qportet
607 3100 669 3149 moli.
718 3111 779 3158 poue
790 3111 832 3158 qao
841 3096 874 3142 in.
891 3097 920 3143 Β.

171 3172 201 3219 Ι),
755 3168 786 3217 Ut
797 3177 879 3216 metum
894 3171 919 3217 in
935 3185 977 3232 quo
986 3185 1047 3218 aune
1055 3170 1098 3235 est]
1114 3172 1144 3219 Iu
1155 3179 1219 3220 metu

203 3243 237 3290 Di
247 3244 428 3305 bonistmnipuid
442 3244 517 3308 porto]
531 3246 590 3292 llere
601 3260 670 3292 soene
718 3257 770 3288 erse
780 3241 867 3289 dieitur
877 3257 920 3303 pro
936 3249 1047 3301 metuere,
1060 3251 1086 3291 nt
1099 3243 1123 3291 in
1134 3243 1216 3292 laetitia

171 3314 350 3376 oonjeoturalem
373 3322 458 3363 statum
479 3323 549 3364 tenet.
583 3318 670 3365 Praete·
718 3331 770 3363 esse
783 3331 827 3376 pro
835 3315 918 3372 letan,
934 3316 958 3362 iu
975 3316 1088 3364 seditione
1104 3333 1156 3365 esse
1171 3334 1216 3379 pro

170 3404 209 3436 rea
227 3388 386 3449 conqueritur,
400 3405 430 3435 au
445 3388 510 3436 Simo
528 3406 593 3436 veras
612 3406 669 3451 nup-
718 3387 742 3433 in
761 3387 874 3435 seditione
888 3386 990 3448 'agitare
1007 3405 1030 3436 v.
1045 3389 1164 3450 interpret.
1185 3391 1216 3439 ad

169 3460 214 3509 tias
227 3461 259 3508 sit
275 3461 346 3509 hodie
359 3461 469 3509 fauturus.
502 3463 579 3523 Hujus
590 3463 623 3510 rei
635 3479 669 3509 ar·
718 3459 901 3508 mamlius.
927 3460 1000 3508 RD.

170 3541 278 3595 gementu
287 3535 368 3581 Davus
380 3550 461 3581 servus
470 3534 553 3582 callida
563 3543 612 3583 arte
622 3535 670 3582 ool·
752 3530 817 3579 Nihil
824 3532 864 3596 ert]
875 3533 1110 3594 Eleganslorrnulade
1119 3534 1156 3591 iis,
1163 3550 1216 3596 quar

170 3606 238 3667 legit,
255 3607 394 3667 probaturus
412 3607 482 3654 falsas
500 3623 551 3654 esse
570 3608 669 3670 nuptias.
718 3603 883 3652 eontemuimns
895 3609 919 3650 et
935 3619 1030 3665 quorum
1046 3606 1132 3653 nullam
1147 3608 1218 3655 ratio·

161 3672 232 3726 *Haee
242 3678 321 3726 multis
330 3678 389 3726 loeis
400 3679 562 3740 exprimemus.
580 3683 615 3727 rie
623 3680 669 3742 pri·
718 3693 770 3727 nem
778 3677 893 3722 habemns.
904 3691 925 3722 v.
934 3676 1019 3722 Heaut.
1026 3676 1098 3725 IVAE.
1109 3684 1132 3729 9.
1142 3680 1173 3726 tt.
1182 3680 1215 3729 D.

169 3766 231 3798 mum
247 3751 387 3812 generaliter
402 3752 511 3811 gandium
531 3767 598 3800 suum
617 3768 670 3816 pro·
750 3746 854 3797 sNecio
864 3747 933 3811 quid]
946 3747 1019 3795 Deest
1026 3757 1128 3810 propter:
1140 3758 1167 3798 ut
1176 3752 1217 3810 sit,

138 3826 144 3841 ¹
168 3829 275 3879 testatur,
300 3823 452 3885 Pamphilum¹
470 3825 601 3883 querendo.
637 3822 669 3871 Ut
718 3827 814 3881 propter
829 3818 906 3866 neseio
929 3819 992 3883 quid·
1030 3819 1108 3884 Quid]
1124 3822 1215 3872 Adver-

168 3905 259 3951 metam,
269 3897 295 3943 in
305 3912 347 3958 quo
357 3911 417 3943 narro
431 3904 470 3953 est,
485 3897 590 3953 adimam,
604 3904 670 3960 atque
717 3892 786 3939 biale.

169 3968 376 4028 espleomonimam
389 3968 486 4032 guadio]
518 3969 629 4016 Ordinem
646 3976 671 4016 et
752 3963 868 4013 Nilum:
884 3965 983 4012 nondum
995 3965 1134 4016 terreretur
1143 3970 1216 4037 molo]

168 4040 282 4087 rationem
294 4038 378 4104 posuit.
411 4040 481 4088 Prius
491 4041 551 4089 enim
562 4042 595 4096 id,
605 4042 668 4103 quod
716 4038 827 4085 Nondum
850 4039 988 4100 Pamphilus
1013 4038 1100 4087 soiebat
1124 4043 1216 4092 Davum

170 4113 254 4160 malum
268 4113 393 4169 est,debet
408 4113 509 4171 exoludi,
525 4122 551 4161 ut
564 4114 590 4161 id
607 4115 669 4176 quod
718 4112 786 4167 seire,
796 4113 855 4172 qnod
867 4114 912 4160 sibi
923 4120 1056 4175 pararentur
1066 4115 1160 4176 nuptiae.
1184 4119 1214 4167 E.
1248 4152 1250 4157 .

171 4185 255 4233 bonnm
275 4191 319 4241 ert,
337 4183 420 4232 melius
439 4185 574 4248 faciliusque
592 4193 670 4234 tenea·
750 4187 768 4232 4
784 4184 854 4239 Quem
864 4202 903 4250 ego
919 4201 981 4233 nuere
994 4187 1068 4242 eredo,
1084 4188 1164 4248 sijum
1173 4206 1216 4239 ou·

172 4263 216 4304 tur.
233 4258 263 4304 E.
718 4258 834 4305 dieritridi
846 4268 940 4319 paretur
949 4260 1049 4324 irreptias]
1068 4260 1116 4307 Hie
1131 4262 1216 4311 intelli·
1298 4298 1301 4305 .

204 4328 309 4393 Didoni]
321 4329 363 4376 Dii
373 4328 436 4393 boni,
445 4329 486 4376 Dii
493 4328 571 4392 magui
582 4337 605 4377 et
616 4328 671 4376 sirn-
719 4331 755 4393 git
764 4331 896 4394 Pamphilus
906 4334 997 4380 Davum
1008 4333 1076 4392 soire,
1085 4336 1146 4397 qood
1156 4352 1215 4397 nop-

172 4401 264 4462 plieiier
281 4400 322 4448 Dii
338 4402 469 4463 frequenter
487 4410 541 4451 suut
556 4401 670 4451 exclama·
718 4402 757 4452 tia
767 4411 930 4466 preparentur.
946 4405 974 4454 E.
