2917 4950
235 454 300 521 324
605 451 893 524 PROLOGUS

236 637 275 707 Is
289 661 333 705 ue
348 647 444 720 erret,
456 659 591 720 moneo,
607 649 642 709 ot
656 643 789 710 desinat
802 643 980 708 lacessere.
1047 729 1050 734 1

236 752 362 818 Habeo
379 743 448 818 alia
461 754 579 832 multa,
595 776 674 838 quae
689 776 778 820 nuno
795 733 1059 829 condonabiturss

238 863 326 942 Quae
342 866 553 949 proferentur
566 872 657 950 post,
672 867 703 932 si
718 870 835 951 perget
848 862 976 928 laedere·
1061 843 1065 848 ’

240 973 307 1052 lta,
322 979 362 1039 ut
374 973 487 1039 facere
501 975 658 1041 instituit.
703 974 816 1053 Quam
831 994 920 1041 nuno
935 971 1043 1037 aotrrri
1059 989 1175 1035 sumus

235 1171 292 1219 mihi
302 1173 333 1218 ab
344 1171 385 1217 illo
399 1164 545 1219 metuendum
556 1179 600 1220 est·
634 1172 735 1220 Deinnc·
785 1174 933 1223 unversiem:
959 1187 1025 1235 queam
1043 1185 1104 1216 nono
1122 1170 1285 1216 amari-tumul

234 1243 757 1306 tusaliquarepropriedicitur,qoiitailla,
786 1245 907 1294 Menandri
926 1240 1072 1297 Eunuchum,
1084 1249 1197 1302 portorium
1213 1237 1285 1285 ediles
1326 1292 1334 1309 ο

235 1314 328 1361 iunctus
340 1314 378 1369 sit,
393 1322 420 1361 ut
432 1315 489 1361 nihil
505 1316 615 1377 supersit,
626 1332 671 1377 qno
684 1316 736 1364 fun·
784 1318 895 1383 emerant]
912 1315 961 1364 Hic
970 1330 984 1362 ι
993 1313 1123 1362 narratione
1131 1312 1221 1375 incipit,
1230 1309 1284 1372 quis

237 1393 312 1448 gutur,
323 1387 364 1449 qui
372 1389 461 1449 agendo
469 1395 493 1435 et
499 1381 610 1449 patiendo
618 1390 702 1446 effecit,
710 1396 738 1438 ut
787 1405 855 1455 supra
866 1388 987 1436 exordium
998 1385 1142 1433 collocatum.
1162 1386 1225 1445 Ergo
1235 1383 1284 1428 haec

237 1459 389 1520 inposterum
399 1461 427 1507 ab
438 1461 528 1522 agendo
539 1462 576 1509 rel
588 1462 697 1523 patiendo
707 1463 737 1510 li-
786 1468 835 1509 tcta
850 1460 948 1508 narratio
966 1474 1038 1520 usque
1055 1458 1084 1506 ad
1102 1456 1285 1518 propositionem

237 1534 736 1598 berecsolutussit.Caeliusinepist.Cicer.
786 1533 888 1582 criminis
898 1540 922 1579 et
936 1529 1078 1593 quaestionis,
1092 1544 1143 1590 ane
1159 1527 1242 1588 incipit
1256 1540 1285 1571 ex
1355 1555 1361 1563 ι
1437 1525 1438 1532 ’

238 1606 529 1655 adDivers.VIII.l.hoe
538 1610 738 1672 mendaciumque
786 1603 926 1665 lrccversu;¹
941 1603 1064 1658 Exclamat,
1072 1600 1162 1665 furem,
1177 1615 1222 1645 non
1236 1611 1285 1659 pse·
1348 1627 1355 1639 ·
1437 1609 1438 1622 ¹

233 1678 334 1740 paieala
353 1678 502 1736 imminerent,
517 1687 545 1726 at
564 1677 738 1745 defungeremur
787 1672 1285 1742 tam,saialamdedisse,etniltiidodiaeoer·

237 1754 343 1813 esoptaoi,
362 1751 404 1798 ubi
421 1767 444 1798 v.
465 1753 555 1799 Manut.
574 1753 628 1800 Liv.
646 1754 679 1801 ΙΙ.
697 1754 737 1802 35.
787 1747 874 1811 imum]
891 1748 991 1795 Pulchre
1002 1746 1077 1809 primo
1088 1744 1223 1806 generaliter
1233 1756 1287 1802 pro-

238 1824 292 1870 adeo
307 1821 393 1886 infensa
403 1831 452 1869 erat
466 1832 540 1871 coorto
552 1823 619 1885 plebs,
629 1834 656 1871 at
669 1827 739 1872 unios
786 1821 865 1883 posuit
873 1819 936 1866 illam
945 1835 975 1865 ex
986 1817 1115 1865 adversarii
1126 1830 1237 1879 persona:
1253 1814 1286 1860 ita

236 1908 302 1953 puna
312 1894 482 1957 defungendum
495 1903 549 1942 esset
564 1896 682 1956 patribn25
699 1897 739 1943 nbi
788 1893 848 1941 enirn
859 1897 992 1953 oportet,ut
1001 1890 1091 1951 species
1099 1890 1134 1936 sio
1145 1887 1288 1948 subjiciatur,

238 1981 262 2012 v.
272 1965 390 2014 Drakenb.
408 1966 439 2011 lt.
450 1967 481 2011 D.
788 1980 839 2025 qnae
851 1963 967 2025 qualitatis
977 1968 1022 2017 est,
1030 1968 1055 2008 ut
1062 1962 1163 2008 diximus
1172 1968 1249 2021 supra,
1258 1959 1287 2005 de

268 2040 304 2085 -16
321 2036 386 2084 Iane
400 2046 468 2092 erret,
481 2036 566 2104 moneo]
584 2040 676 2101 Σχῆμα,
692 2038 739 2087 im·
789 2036 873 2083 Latino
879 2036 904 2083 in
913 2034 1019 2083 latinum
1027 2034 1145 2084 transferri
1154 2049 1199 2079 non
1208 2032 1286 2079 licere.

238 2107 309 2154 sinere.
328 2110 358 2154 D.
789 2107 849 2153 liaeo
864 2108 960 2168 qumstio
976 2107 1010 2153 sic
1021 2107 1170 2167 proponitur:
1188 2105 1286 2151 &moero

272 2177 367 2227 Desinet
385 2180 497 2243 moenere]
515 2183 560 2229 Me.
572 2182 604 2228 R.
621 2191 687 2231 cenet
705 2183 739 2230 lu-
788 2193 831 2225 ease
847 2177 920 2226 Noeoii
935 2187 957 2225 et
973 2177 1054 2241 Plesoti
1069 2188 1159 2226 veterem
1167 2176 1287 2241 fabulum:

238 2267 324 2302 emere.
343 2253 370 2302 la.
541 2283 542 2286 =
786 2253 881 2314 parasiti
889 2251 1060 2312 pmsonaminde
1069 2252 1164 2298 nimiam
1172 2259 1194 2297 et
1201 2248 1288 2311 militis]

274 2328 306 2372 17
323 2324 378 2378 Qua
394 2337 455 2372 nnnc
470 2325 640 2390 condonabitur]
661 2328 700 2374 Sie
715 2327 740 2373 in
790 2321 908 2370 Personam
925 2328 1000 2368 autem
1013 2323 1051 2369 iric
1067 2323 1170 2384 inteliigo
1185 2337 1230 2369 non
1248 2337 1289 2368 no·

239 2398 388 2455 Phormione,
399 2407 518 2461 urgeremur
528 2400 584 2461 good
602 2400 673 2457 inies,
688 2416 739 2448 ecs-
788 2396 859 2452 mina,
866 2397 929 2457 qaod
939 2387 1020 2458 postea
1027 2396 1158 2443 declarabo.
1177 2401 1180 2407 '
1191 2396 1289 2455 Snbjun·

240 2472 349 2520 donamus
356 2479 384 2519 te.
418 2471 477 2518 Nam
488 2478 511 2518 et
521 2472 583 2528 dono,
594 2472 694 2519 ablativo
702 2489 740 2519 ea-
790 2468 825 2530 glt
834 2466 1015 2530 responsionem,
1026 2468 1100 2530 primo
1115 2467 1181 2530 quasi
1191 2469 1290 2531 quodam

241 2545 277 2593 sui
296 2547 425 2606 jungebant
446 2550 551 2591 veteres:
575 2545 670 2591 condono
686 2560 740 2591 sero
790 2547 850 2588 statu
861 2541 1019 2605 finitiro,quae
1031 2542 1066 2589 sic
1075 2542 1166 2602 jungit:
1183 2540 1207 2589 Sa
1217 2542 1241 2588 id
1258 2552 1289 2588 est

170 2628 171 2631 ’
239 2616 379 2665 soousatiro.
403 2616 435 2664 D.
510 2616 512 2619 ’
787 2622 910 2675 peceatum,
918 2615 1078 2676 pecemdm'ltoe
1088 2615 1174 2678 estJAn
1184 2615 1228 2662 line
1237 2630 1290 2675 pec-

273 2690 374 2751 Egregie
394 2689 448 2735 cod.
467 2687 494 2734 Ο.
515 2687 542 2734 G.
565 2688 663 2736 collocat
680 2704 742 2736 nane
790 2693 867 2734 eaturn
883 2686 914 2734 sit
924 2690 1004 2735 reruni
1021 2682 1172 2753 donat(Hac
1183 2689 1290 2736 videntur

209 2774 216 2786 ·
242 2777 297 2824 pree.
315 2762 344 2807 B.
791 2766 841 2806 orta
857 2775 907 2806 esse
922 2774 953 2806 ex
970 2759 1116 2820 scripturae.
1130 2758 1213 2808 Donat.
1230 2761 1252 2806 n.
1268 2777 1290 2808 e.

276 2833 331 2887 Quo
342 2847 413 2886 nanc,
423 2829 474 2893 dra]
491 2832 594 2891 Quorum
605 2832 672 2882 venia
682 2849 743 2880 nunc
792 2831 847 2877 vide
862 2828 998 2896 Donatum.)
1009 2832 1053 2878 hoc
1072 2834 1100 2880 ad
1113 2831 1244 2896 qualitatem
1256 2833 1292 2893 ip·

241 2904 278 2952 illi
285 2904 384 2952 dabitur.
404 2905 512 2951 Notanda
518 2910 555 2950 est
565 2905 682 2952 rarissima
687 2919 747 2952 cou··
792 2918 840 2950 sam
851 2897 973 2950 descendit
983 2904 1103 2962 venialem,
1115 2922 1183 2967 quarn
1194 2907 1228 2954 sio
1238 2923 1292 2968 pro·

243 2977 349 3034 structio,
363 2992 431 3038 quam
448 2978 506 3023 bene
520 2981 598 3024 tuetur
612 2977 697 3025 Rivius
712 2980 742 3025 sd
791 2976 871 3037 pouit:
885 2984 1001 3037 peceatum
1014 2979 1166 3039 imprudentia
1176 2982 1207 3027 eit
1217 2988 1290 3040 poete.

242 3051 267 3096 lt.
275 3050 292 3096 1.
302 3050 437 3097 Coudouare
444 3050 585 3098 construitur
595 3066 647 3097 enm
654 3052 744 3113 duplici
791 3049 866 3096 Venia
882 3052 941 3100 enin.
953 3049 1029 3098 trihus
1046 3051 1123 3099 modis
1139 3051 1175 3108 fit,
1185 3053 1218 3109 vi,
1229 3070 1292 3111 casu,

244 3123 491 3183 accusatirepersonae
504 3122 579 3170 etrei.
606 3124 699 3171 Phorm.
712 3125 742 3172 V.
791 3120 929 3181 ignorantie·
967 3122 1025 3169 Cum
1046 3130 1123 3170 autem
1144 3125 1293 3185 imprudentia

243 3195 268 3241 ⁷.
282 3198 322 3244 54.
333 3201 461 3256 argentam,
477 3193 534 3254 qaod
548 3193 619 3251 hato,
635 3197 744 3242 condona·
792 3192 831 3239 vel
842 3194 924 3240 unade
933 3193 1090 3250 tribusiuerit,
1102 3199 1233 3257 conjectura
1242 3198 1294 3253 erit,

243 3281 292 3314 mna
308 3275 337 3326 te.
369 3265 421 3314 Jarn
438 3259 464 3312 u't
479 3271 542 3311 rente
557 3267 655 3314 dicimus
670 3268 746 3315 dooere
793 3279 836 3310 neo
855 3264 942 3326 aliquid
962 3265 1052 3314 animus
1071 3267 1147 3315 factet.
1182 3271 1294 3330 Adjunxit

243 3338 340 3401 aliquem
347 3336 504 3399 philosophiam
513 3345 536 3383 et
543 3339 566 3385 in
575 3339 667 3402 passivo
674 3341 746 3387 doceri
795 3351 850 3397 ergo
855 3337 978 3384 Terentius
988 3355 993 3383 :
1008 3354 1052 3385 non
1060 3340 1116 3401 qnod
1117 3339 1213 3403 furtum
1215 3340 1294 3405 facere

242 3410 746 3472 philosophioru,sicetreotedioitureondono
794 3407 912 3455 ttuduerit·
946 3411 1006 3456 Haeo
1023 3416 1109 3458 tantum
1127 3414 1197 3460 rerba
1215 3429 1294 3474 repro·

245 3483 290 3531 {tto
299 3491 418 3547 argentam
436 3490 462 3529 et
478 3482 539 3542 quod
553 3485 694 3531 condonatur
710 3499 746 3530 ar·
795 3479 925 3527 missionem
933 3488 1116 3542 argumentorum
1126 3491 1195 3540 tenet,
1202 3501 1246 3531 non
1255 3503 1294 3533 ve·

245 3563 339 3618 gentum
349 3555 373 3601 in
385 3561 484 3602 accusat
501 3557 529 3606 ii.
542 3558 572 3603 D.
795 3551 894 3599 ritatem,
932 3552 995 3614 Ergo
1012 3554 1131 3616 adjungit:
1151 3557 1178 3602 td
1194 3560 1227 3604 ita
1243 3573 1293 3614 esse,

279 3625 387 3677 19Nnno
396 3643 462 3690 gnam
472 3627 747 3691 murtmmmJObtiqua
795 3637 831 3669 vos
843 3627 895 3685 jum
907 3625 1015 3686 judicare
1031 3628 1137 3686 poteritis.
1180 3629 1293 3688 Quoniam

245 3699 346 3746 narratio
358 3699 412 3747 faeti
423 3707 466 3756 est,
479 3703 604 3749 seeundum
620 3717 699 3749 casum
709 3717 747 3747 ao·
795 3694 897 3741 dlximffl
906 3695 1014 3758 inflige,
1026 3715 1056 3744 θΧ
1064 3701 1146 3746 Grae⁰⁰
1155 3701 1295 3749 iss'laafinum

246 3771 431 3819 coniurant).
795 3769 917 3814 transferre
936 3769 1012 3817 liceat.
1046 3772 1101 3817 Hoo
1117 3788 1214 3833 namque
1233 3775 1294 3831 dieo,

280 3842 326 3899 ita,
342 3841 456 3906 utfocere
472 3845 580 3908 instituit]
598 3847 666 3892 Omni
685 3846 744 3892 enirn
795 3840 855 3900 quod
868 3842 930 3887 colar
938 3841 1060 3890 Menandri
1072 3853 1109 3890 est.
1143 3847 1171 3892 in
1181 3858 1208 3892 ea
1217 3853 1253 3893 est
1264 3849 1296 3895 fs-

248 3922 331 3969 genere
344 3906 449 3955 laborare
464 3910 582 3966 debemus,
597 3918 624 3958 nt
637 3913 745 3958 adversa·
794 3913 849 3959 bula
860 3914 889 3959 de
901 3915 1001 3973 parasito
1012 3916 1089 3962 colace
1101 3924 1125 3964 et
1139 3919 1240 3978 glorioso
1252 3921 1295 3967 mi-

248 3979 295 4026 rios
307 3985 346 4024 aut
355 3978 380 4024 in
391 3978 479 4035 odium,
488 3981 557 4028 autin
565 3982 748 4039 contemtionem,
798 3985 846 4032 lite.
885 3985 1002 4034 Parasitus
1021 3997 1097 4036 autem
1111 3992 1188 4046 'colam'
1205 3992 1230 4038 id
1251 4001 1295 4050 est,

248 4050 322 4098 autin
333 4049 443 4098 iuvidiam
455 4051 571 4101 ducamus.
604 4056 748 4102 Itaeuimin
798 4057 976 4105 adulatorehoo
989 4062 1049 4106 enim
1068 4062 1182 4123 signifieat
1197 4070 1221 4111 et
1236 4066 1299 4114 milet
1337 4052 1346 4071 x

248 4123 327 4170 odium
335 4122 441 4179 adduxit,
450 4126 511 4185 quod
520 4126 590 4183 dixit,
597 4129 616 4174 si
623 4135 701 4190 perget
709 4129 746 4176 la·
795 4130 911 4193 gloriosus,
917 4133 1153 4196 apud'lsatinos,qnod
1162 4137 1225 4183 ‘colae
1235 4140 1297 4199 apud

247 4197 307 4251 ders,
317 4195 351 4242 ita
360 4193 473 4258 olfacere
482 4198 580 4245 instituit
586 4216 596 4257 ‚-
612 4199 747 4248 incontem-
797 4204 900 4251 Groeeos.
933 4205 998 4252 Sicut
1014 4206 1085 4268 igitur
1102 4223 1170 4269 supra
1188 4210 1300 4270 diximus,

152 4326 156 4341 ι
247 4270 343 4326 tionem,
353 4269 417 4329 quod
427 4268 548 4323 diritate
563 4272 605 4321 toli
614 4273 710 4335 ingenio,
720 4282 748 4321 at
796 4274 851 4322 inde
878 4283 913 4324 est
939 4272 1133 4340 ablatapersoua
1157 4283 1253 4343 parasiti
1275 4295 1300 4333 et

246 4342 500 4405 ignorawritpret'pm'or
513 4342 607 4406 lopmiin
616 4347 699 4391 arnone
709 4347 748 4393 de·
798 4348 886 4396 militis.
907 4351 1014 4412 Ergo‘lrao
1026 4360 1128 4413 persone>
1138 4354 1167 4400 in'
1174 4356 1298 4406 Menandri

248 4415 312 4462 teo.
345 4414 468 4476 Subiungit
483 4415 566 4464 deinde
582 4417 676 4465 ulturum
693 4433 747 4465 oon·
798 4422 910 4469 comoedia
927 4432 989 4472 sunt:
1015 4428 1076 4486 qnod
1092 4426 1217 4476 concludit.
1251 4432 1300 4479 lias
