2917 4950
263 382 329 450 ⁴34
660 378 910 449 EUNUGHI

263 568 306 634 Id
327 566 477 633 faciebat
496 568 661 633 retinendi
682 570 776 636 illius
798 589 923 636 causa:
952 565 1034 652 quia
1054 566 1126 645 illa,
1147 581 1227 649 quae
1250 583 1310 630 cu

394 680 511 764 piebat

265 794 318 857 De
334 811 449 855 sorore
465 791 540 875 ejus
555 791 717 869 indicare,
735 792 778 856 ad
794 811 869 857 eam
882 811 951 857 rem
965 795 1099 874 tempus
1111 807 1180 853 non
1194 793 1277 851 erat.

264 903 392 968 Invitat
413 902 534 967 tristis:
557 903 691 967 mansit.
712 903 762 967 ibi
782 904 843 968 illa
864 903 1018 968 camillo
1041 919 1230 966 sermonem
1246 877 1310 964 'oc-

395 1013 498 1097 cipit:
579 1039 583 1045 ·

265 1122 370 1188 Miles
385 1143 466 1189 vero
482 1124 549 1188 sibi
563 1130 682 1209 putare
699 1125 883 1191 adductum
902 1130 979 1191 ante
998 1125 1119 1189 oculos
1135 1122 1305 1199 aemulum,

263 1234 384 1299 Voluit
398 1233 510 1298 facere
525 1238 642 1300 contra
655 1234 735 1301 huic
747 1256 848 1320 aegre.
858 1237 953 1315 heus,
966 1237 1086 1321 inquit,
1096 1255 1192 1320 puer,
1205 1232 1307 1298 Pam·

392 1345 522 1429 philam
1269 1349 1309 1404 10

264 1454 422 1534 Arcesse,
451 1460 490 1520 ut
518 1454 662 1522 delectet
688 1456 745 1523 hic
772 1478 847 1525 uos.
875 1459 936 1525 illa
964 1458 1147 1536 exclamat,
1171 1453 1307 1519 minime

395 1567 562 1649 gentium:

296 1738 313 1783 6
329 1731 358 1781 ld
365 1732 468 1798 faciebat
482 1734 592 1782 runaut
607 1734 670 1782 illius
683 1736 763 1800 mura]
812 1735 878 1802 (edd.
889 1736 971 1787 Venet.
983 1739 1046 1781 recte
1062 1730 1169 1779 omittunt
1183 1725 1221 1791 ct)
1237 1730 1309 1772 totum

264 1806 379 1853 Admouet
391 1814 552 1867 spectatorem,
561 1823 590 1853 ne
603 1806 720 1855 existimet
732 1809 764 1854 al·
813 1809 900 1857 crimen
911 1815 1005 1856 revocat
1017 1806 1046 1852 ad
1063 1803 1180 1850 Thaidem.
1214 1800 1246 1847 Et
1261 1799 1310 1845 bees

263 1878 309 1925 teri
320 1878 388 1925 rivali
398 1880 504 1939 injuriam
513 1878 564 1926 lieri
576 1879 699 1927 Phaedrioe.
735 1882 765 1928 Et
813 1888 935 1936 estcausa,
951 1895 992 1926 eur
1008 1895 1022 1925 a
1039 1876 1112 1924 milite
1128 1874 1153 1921 iu
1173 1875 1224 1934 ejus
1242 1872 1308 1918 domo

194 2005 197 2010 ⁴
263 1950 332 2000 simul
341 1952 422 1998 esthic
430 1952 491 2014 (Me.
500 1953 584 1998 Boend.
596 1959 620 1998 et
630 1953 668 1999 ed.
685 1954 724 1999 Dn
734 1954 763 2001 B.
813 1955 898 2002 nnllam
907 1953 981 2000 rixam
991 1948 1218 2013 patiaturchremes.
1236 1946 1267 1992 D.

264 2020 296 2070 Et
304 2023 448 2071 simulestbic
459 2022 630 2085 relictuslocus)
638 2040 765 2087 npnagnc-
847 2026 1001 2073 Putaremnta
1009 2024 1031 2070 in
1041 2032 1133 2085 putam,
1144 2019 1198 2081 quia
1209 2017 1310 2080 seqnitur

263 2098 311 2142 aeui
321 2095 417 2157 virginis
426 2097 587 2157 agnoscendae.
606 2098 638 2143 D.
813 2101 890 2155 coluit,
901 2098 947 2147 uisi
962 2098 1036 2154 malis,
1054 2096 1116 2157 quod
1133 2110 1179 2140 non
1194 2099 1231 2140 est
1246 2106 1311 2152 oputs

292 2174 313 2216 8
339 2166 426 2215 Invitat
450 2169 530 2232 tristis]
558 2169 644 2226 Tristis,
670 2169 765 2228 invitus,
814 2173 928 2234 corrigere
938 2171 1035 2219 colunes.
1057 2171 1086 2215 B.

263 2257 309 2288 uon
327 2240 436 2288 libentur.
480 2242 511 2288 Ut
529 2258 542 2289 e
563 2242 679 2289 conuario
698 2242 763 2306 Virg.
847 2249 879 2291 10
892 2243 954 2291 Huic
965 2237 1261 2307 agre]Huic'l'haidi,non
1271 2237 1312 2284 ad·

264 2313 319 2360 AEn.
331 2311 361 2360 V.
372 2317 427 2360 236.
447 2313 509 2376 Vobis
521 2316 583 2363 luteis
591 2332 630 2379 ego
642 2315 701 2363 bunc
711 2330 764 2362 cau·
814 2306 892 2364 ductd.
926 2316 997 2369 Heus,
1007 2315 1089 2376 inquit,
1098 2313 1166 2376 puter]
1178 2312 1226 2358 Hic
1235 2319 1311 2359 oeten·

263 2385 379 2432 dentunin
388 2387 462 2433 littore
470 2396 562 2434 launum
571 2390 705 2435 constituam
713 2396 765 2435 urite
813 2389 884 2444 ditur,
893 2389 954 2449 quod
963 2402 1032 2447 supra
1040 2397 1175 2447 apparatum
1183 2391 1227 2432 est.
1245 2384 1311 2431 Pam·

262 2474 324 2516 cras,
337 2461 379 2506 uoti
396 2474 453 2507 rem.
487 2461 526 2516 Et,
537 2460 621 2523 accipie
636 2461 712 2518 autb,
724 2477 765 2527 eo-
812 2460 898 2521 philam
912 2458 1005 2522 urceum]
1023 2460 1077 2506 Non
1095 2472 1204 2521 provoca,
1218 2456 1260 2504 sed
1275 2471 1312 2504 ar-

262 2533 317 2579 dem
337 2534 415 2579 modo.
457 2532 545 2580 Mansit
562 2533 604 2596 ibi]
621 2534 765 2581 Adolescens
814 2524 878 2580 cessc':
895 2532 1005 2593 quianon
1017 2538 1053 2578 est
1067 2538 1145 2594 aptum
1159 2529 1231 2576 militi
1240 2530 1311 2594 (lege,

262 2603 362 2651 scilicet.
395 2604 764 2667 EtMansit,proremoratusest,
813 2607 866 2666 quia
886 2621 931 2652 uon
955 2613 987 2652 est
1017 2605 1078 2665 apud
1103 2603 1202 2651 militem
1242 2603 1311 2650 Forte

262 2677 340 2725 idest
356 2677 480 2734 accubuit3
502 2693 545 2724 nec
562 2678 667 2732 recessit,
683 2681 764 2727 necessit
814 2679 924 2742 scriptum
935 2684 998 2725 erat:
1015 2679 1068 2739 quia
1077 2693 1121 2724 non
1136 2686 1169 2735 est
1176 2685 1235 2738 aput
1250 2674 1312 2741 scil.)

262 2750 385 2812 significat.
402 2750 763 2809 similemumansiapussusest.
814 2752 847 2799 D.

263 2822 764 2877 Sichremesmansit,immorstuscst,con·
847 2824 934 2871 Versns
954 2824 1027 2886 gratia
1045 2821 1167 2871 BentleIus
1186 2823 1236 2885 legi
1254 2823 1312 2881 vult,

262 2895 320 2942 vivs
333 2894 472 2941 necessitate
484 2894 601 2951 discessit,
616 2895 764 2956 accipiendus
814 2897 874 2955 besu,
883 2900 964 2961 inqua,
972 2914 1038 2960 peter,
1046 2901 1064 2955 i,
1075 2897 1226 2959 Pamphilam.
1259 2899 1313 2945 Non

263 2974 300 3014 est
309 2966 380 3031 (forte
392 2966 439 3028 leg.
451 2966 549 3014 simulet
561 2982 672 3022 mansu,
687 2982 764 3028 passus
812 2970 880 3018 male.
903 2969 1312 3031 Namiimitatanr.lSscnrnseq.

262 3048 293 3087 est
308 3055 329 3086 ss
343 3040 445 3085 retineri.
466 3054 577 3095 canneru,
593 3041 610 3086 i.
632 3047 764 3086 amaretne
812 3042 962 3103 imperativo;
987 3049 1012 3088 ut
1025 3043 1085 3089 Plat.
1105 3041 1184 3089 Phoed.
1203 3043 1244 3090 65.
1262 3039 1312 3088 ἀλλ’

262 3122 301 3167 est,
311 3126 351 3157 nec
361 3113 436 3158 statim
446 3112 541 3158 discessit
551 3112 763 3173 ccnmua'accipieu-
812 3113 854 3171 lbi,
865 3113 947 3163 nribus.
960 3121 984 3162 et
992 3115 1055 3161 alibi.
1072 3115 1099 3161 Ζ.

264 3186 314 3231 dus.
343 3185 389 3230 Sed
400 3184 510 3245 Wieliug.
521 3185 624 3245 conjicit,
634 3186 765 3233 immoratus
846 3192 876 3234 11
897 3186 928 3234 Ut
938 3188 1030 3235 delectet
1039 3188 1075 3234 bic
1085 3186 1134 3250 rios]
1153 3188 1228 3245 Quasi
1241 3188 1314 3246 diost,

264 3258 642 3312 ettcmuiuiomccstatimdiscessit.
659 3259 707 3303 Sed
715 3259 763 3306 Me.
814 3261 1064 3322 quodhaecnonlacit.
1091 3260 1138 3306 Sed
1147 3261 1315 3311 delectarefidi·

264 3331 299 3377 H.
307 3329 390 3393 ctedd.
398 3329 616 3392 Venetomittnnt).
642 3330 765 3377 mnam
814 3333 872 3379 ciuae
884 3338 930 3379 est.
949 3332 1002 3393 quia
1012 3333 1119 3393 saprade
1130 3332 1171 3380 ills
1182 3333 1284 3392 dixerat,
1294 3344 1314 3384 st

264 3402 352 3466 occipit]
363 3400 493 3456 &monem
502 3401 642 3462 colloquium
653 3401 719 3449 dicit.
732 3402 763 3448 D.
807 3403 894 3467 fidibus
904 3406 965 3451 scire.
1000 3407 1032 3452 Et
1041 3406 1099 3451 bene
1110 3404 1154 3460 liic,
1163 3407 1231 3465 qnasi
1238 3407 1313 3455 insus-

296 3473 419 3521 Scrmsnem
428 3471 517 3534 occipit]
535 3474 565 3519 V.
577 3474 604 3520 G.
614 3474 701 3534 incipit.
718 3476 748 3521 1..
815 3478 875 3525 viter
891 3492 951 3523 nnnc
967 3483 1098 3526 tractamur.
1130 3475 1177 3524 Illa
1194 3479 1314 3545 exclamat]

276 3592 277 3599 ,
297 3549 383 3594 Omnes
394 3544 450 3591 libri
460 3545 535 3591 nostri
548 3553 572 3592 et
582 3544 664 3592 Faerni
680 3545 765 3593 babent
814 3550 867 3596 Non
885 3551 1010 3611 respondet
1026 3550 1113 3611 inquit;
1134 3552 1177 3597 sed
1191 3552 1314 3602 exclamat.

263 3620 351 3679 incipit,
368 3624 454 3679 praeter
473 3617 619 3673 Bembinum,
639 3618 764 3675 Donatum,
816 3620 911 3669 Minime
926 3623 1039 3686 gentium]
1056 3624 1111 3670 Hoc
1126 3622 1201 3685 magis
1223 3625 1315 3683 mirum,

264 3693 331 3741 editt.
343 3698 399 3739 vett.
410 3697 435 3738 et
444 3691 549 3739 codicem
559 3706 630 3738 unam
646 3705 662 3761 ⁰.
669 3689 766 3746 nostris,
814 3695 902 3740 minime
919 3698 1030 3759 gentium,
1047 3709 1114 3758 quam
1133 3712 1245 3759 nusquam
1261 3713 1315 3761 geu·
1363 3696 1368 3701 ’

264 3766 304 3813 ubi
315 3770 350 3812 est
359 3765 444 3825 occipit.
478 3766 607 3825 Utrumque
622 3764 703 3824 probe,
719 3777 764 3808 nec
815 3765 879 3812 tium.
897 3767 927 3813 D.

262 3839 337 3885 hilum
347 3839 450 3884 interest.
483 3837 515 3883 At
530 3852 573 3898 pro
589 3836 671 3883 invitat
685 3836 764 3891 tratis,
823 3838 825 3845 '
847 3837 895 3884 Hic
917 3854 999 3887 versus
1018 3840 1130 3902 syllabam
1150 3839 1258 3889 ultimam
1280 3858 1316 3891 se·

265 3912 312 3970 leg.
330 3907 462 3963 inuitatis’st,
478 3923 524 3954 uon
536 3908 708 3963 modoserens,
721 3907 765 3973 sed
815 3909 895 3969 quenti
911 3913 988 3957 versui
1001 3914 1132 3960 commodat
1147 3928 1161 3958 a
1172 3914 1251 3960 vocali
1260 3915 1316 3962 inci·

265 3989 289 4030 et
301 3980 419 4028 sententiae
436 3979 519 4040 gratia.
552 3983 612 4027 Nam
629 3981 711 4026 durum
729 3985 765 4025 est
814 3980 899 4043 pienti;
918 3991 944 4029 ut
960 3984 995 4030 illi
1012 3985 1073 4046 apud
1085 3984 1208 4048 Virgilium
1226 4004 1315 4045 verens,

265 4056 289 4101 in
300 4055 381 4100 inuitat
389 4052 518 4114 intelligere
531 4051 621 4108 tirno,
632 4058 656 4097 et
667 4052 690 4097 in
701 4068 764 4098 maa-
815 4054 914 4117 desuem
933 4054 1044 4104 humorem
1050 4075 1059 4114 ,·
1082 4060 1172 4122 uimque
1189 4060 1314 4123 sulphura:

264 4127 295 4174 sit
306 4124 382 4173 statim
394 4123 503 4171 carana.
524 4127 553 4171 B.
613 4128 644 4178 ,’
814 4127 1016 4177 arbutusbmridc.
1035 4131 1065 4178 B.

299 4205 314 4250 9
336 4198 468 4245 Adductum
487 4196 603 4260 amulum]
630 4196 686 4243 Plus
703 4195 765 4244 dixit
847 4198 942 4248 Minime
958 4204 1072 4268 gentium]
1086 4205 1195 4252 Abundat
1212 4207 1313 4269 gentium

263 4273 397 4326 adductum,
417 4286 485 4331 quam
501 4271 631 4316 admissum.-
655 4273 680 4314 et
697 4268 765 4315 simul
816 4271 992 4336 atinnusqrmm
1000 4275 1312 4340 gmtium.iu.ld.lv.2.1.

185 4402 189 4412 ι
259 4344 425 4409 «ῃὶανὶᾱεὴαί
440 4342 586 4391 furibuudum
597 4342 725 4399 Chremem,
743 4348 766 4388 et
816 4343 847 4390 R.
860 4345 890 4391 D.
