2917 4950
276 433 351 493 nm
601 431 666 491 nn
689 402 941 493 ιιιιιιιιιο]

275 623 331 684 ιιι,
359 611 546 674 acforamina
567 610 708 672 totidem·
737 612 824 672 Unde
848 609 983 690 Virgilius
1009 628 1109 671 earum
1135 610 1256 671 biforem

273 721 390 770 cantum
403 709 540 788 appellat,
559 719 710 787 propterea
722 709 802 787 quod
814 728 916 787 graves
934 720 964 768 et
975 719 1076 768 acutas
1095 708 1258 769 emitterent

273 828 327 888 pro
351 805 474 865 tibicinis
497 804 615 864 arbitrio
638 804 843 865 voculationes.
894 804 1002 863 Alteroe
1025 815 1092 864 sunt
1116 804 1257 879 Serrana,

273 904 317 964 sic
331 901 474 983 (arbitror)
487 902 650 982 appellata,
660 934 663 939 ·
672 903 807 983 quoniam
820 902 854 962 iis
870 902 1020 962 saltatores
1038 912 1069 962 et
1082 902 1212 981 proferre
1225 913 1260 962 et-

273 1000 382 1061 referre
394 999 650 1079 pedem'continuo
658 1001 838 1075 juberentur,
851 1020 911 1059 non
921 1018 1005 1059 secus
1018 1009 1105 1077 atque
1116 1009 1256 1071 sectores,

274 1095 323 1175 qui
336 1112 415 1155 serra
432 1096 538 1156 adacta
551 1095 650 1175 partiri
659 1097 739 1175 ligna
752 1107 902 1158 conantur.
943 1095 1091 1174 Siquidem
1101 1095 1255 1174 Pompeius

271 1192 312 1252 ait
322 1211 430 1252 serram
437 1191 468 1251 id
478 1192 608 1271 praelium
620 1192 677 1253 dici
688 1213 746 1274 quo
759 1193 927 1273 frequenter
937 1192 1015 1252 acies
1028 1203 1059 1252 et
1071 1192 1212 1252 accedere
1225 1201 1256 1251 et

272 1287 409 1349 recedere
429 1288 544 1348 soleret.
585 1289 644 1348 Hae
664 1308 778 1368 semper
796 1301 879 1350 erant
903 1289 1034 1361 ιίιιίιιιιι,
1054 1308 1205 1369 paresque,
1224 1289 1254 1348 id

272 1396 326 1457 est,
347 1385 473 1465 aquales
496 1385 643 1446 caremis:
662 1386 842 1465 proindeque
857 1402 963 1466 'parem
984 1394 1164 1457 concentum,
1184 1404 1254 1444 acu·

271 1491 334 1541 tum
341 1481 452 1543 seilicet
461 1482 640 1553 emittebant,
654 1483 895 1561 quemadmodum
907 1482 1023 1542 Servius
1029 1481 1108 1540 haud
1117 1481 1252 1560 perplexe

269 1578 407 1657 scriptum
418 1578 542 1656 reliquit
582 1578 778 1639 Verumtamen
791 1578 950 1638 Diomedes
963 1578 1047 1638 tibias
1059 1596 1146 1658 pares
1158 1589 1189 1638 et
1201 1578 1253 1637 im·
1269 1642 1273 1645 ,

269 1693 363 1754 pares
360 1674 480 1734 uidetur
497 1694 615 1734 numero
630 1675 767 1735 delinire:
789 1675 869 1755 quud
882 1675 1027 1755 equidem
1030 1692 1088 1735 non
1100 1676 1185 1749 video
1198 1694 1251 1735 cur

268 1770 359 1851 possit
372 1770 500 1830 admitti.
521 1789 587 1830 nam
605 1789 658 1849 par
671 1780 701 1829 et
713 1771 804 1849 impar
815 1772 954 1848 qualitate
966 1772 1028 1832 fere
1045 1791 1158 1852 semper
1174 1771 1252 1833 acci·

268 1864 345 1946 pitur
357 1886 376 1927 a
389 1865 511 1925 Latinis.
551 1865 695 1944 Exemplo
708 1865 816 1926 sithoc
830 1866 1014 1939 Ouidianum,

607 2021 654 2068 Par
664 2026 712 2069 erat
721 2019 816 2067 inferior
825 2036 913 2067 versus.

269 2102 309 2170 st
323 2110 393 2169 tuus
406 2110 595 2191 virgilianum

595 2216 730 2264 Formosum
740 2214 832 2279 paribus
843 2215 915 2262 nodis.

271 2302 400 2366 Astron
643 2288 646 2295 ’

424 2411 430 2419 ”
595 2410 673 2473 Impar
683 2426 819 2472 congressus
829 2410 922 2457 Achilli.

266 2554 324 2616 Sed
338 2574 397 2635 qno
414 2555 533 2616 tandem
550 2573 612 2614 sum
626 2556 769 2616 incuriose
786 2554 953 2634 digressus?
973 2556 1076 2635 Egone
1095 2559 1248 2639 etmagna

265 2643 382 2713 nomina
394 2652 580 2731 sugillareml
593 2651 734 2723 Minime,
754 2652 778 2711 si
798 2671 894 2711 meum
915 2653 984 2711 mibi
1005 2654 1248 2716 vitae‘isstimtum

265 2748 455 2828 permanebit.
505 2748 650 2813 Quocirca
666 2768 703 2807 ne
721 2748 805 2807 nobis
825 2748 933 2827 aliquid
955 2748 1247 2829 Eupolidis-:inform

264 2845 314 2906 ruo
332 2844 425 2903 simile
438 2844 596 2922 contingat,
617 2844 759 2924 perfeeto»
767 2847 828 2922 jam
848 2846 928 2924 operi
941 2847 1154 2926 pmagraphum
1166 2849 1247 2909 stilus

263 2940 402 3001 obducat.

264 3295 311 3344 DE
321 3294 540 3352 FABULARUM,
552 3296 731 3353 LUDORUM,
742 3297 985 3356 THEATRORUM,
996 3300 1187 3358 SCENARUM,
1199 3302 1245 3352 AC

323 3383 544 3433 SCENICORUM
560 3384 714 3443 ANTIQUA
731 3385 998 3448 CONSUETUDINE,
1015 3390 1188 3452 LIBELLU83

265 3548 300 3597 Es
317 3549 403 3611 optimis
423 3550 548 3597 tumoribus
568 3550 677 3606 collectus,
700 3552 730 3597 ad
746 3545 834 3599 cumdem
844 3550 942 3615 facilius
960 3529 1119 3619 intelligmdos,
1136 3549 1246 3617 precipue

497 3633 629 3692 mmmptm
639 3634 664 3678 in
671 3635 770 3695 grafium
778 3633 1011 3695 σίαάίηιῙαΜαίη.

301 3768 459 3848 Nunquam
479 3769 701 3829 existimandum
721 3783 766 3831 est
785 3773 917 3853 cuiquam
937 3778 1059 3856 posthac
1077 3776 1245 3838 familiarem

263 3863 398 3923 Plautum
418 3877 468 3925 ιιιι
489 3866 657 3936 Terentium
674 3866 822 3940 futurum
843 3891 1000 3952 eorumque
1013 3875 1144 3935 intimum
1157 3874 1244 3936 artifi-

262 3958 349 4049 cium,
371 3960 506 4022 orationis
529 3961 735 4035 characterem,
764 3977 851 4044 atque
873 3981 1059 4044 venustatem,
1081 3973 1193 4051 aliaque
1214 3970 1245 4032 id

262 4074 354 4133 genus
375 4057 458 4135 plura
480 4077 652 4138 quemquam
674 4061 760 4140 plane
778 4078 1006 4144 assequatur-um,
1027 4070 1082 4128 nisi
1104 4069 1245 4129 comicum

261 4170 377 4209 omnem
390 4152 568 4230 dignitatem,
589 4175 708 4231 morem,
729 4170 761 4218 et
781 4162 887 4239 agendi
909 4165 1156 4235 consuetudinem,
1179 4185 1245 4244 ques

259 4246 435 4328 abantiquis
456 4248 485 4307 in
502 4250 605 4312 fabulis
618 4273 653 4313 ac
670 4253 746 4315 ludis
760 4260 903 4320 observari
920 4262 1061 4334 solebant,
1083 4270 1188 4321 exacte
1201 4270 1244 4320 te·
1331 4325 1340 4339 ο

261 4353 338 4406 neat.
378 4343 426 4408 Ita
437 4335 499 4423 fiet,
514 4358 546 4412 ut
552 4361 663 4431 postea
675 4351 745 4413 nihil
757 4367 864 4436 prater
877 4368 1033 4419 metrorum
1041 4356 1196 4450 rationem,
1204 4376 1241 4418 ae
