<?xml version="1.0" encoding="UTF-8"?>
<!DOCTYPE html PUBLIC "-//W3C//DTD XHTML 1.0 Transitional//EN"
    "http://www.w3.org/TR/xhtml1/DTD/xhtml1-transitional.dtd">
<html xmlns="http://www.w3.org/1999/xhtml" xml:lang="en" lang="en">
 <head>
  <title>
</title>
<meta http-equiv="Content-Type" content="text/html;charset=utf-8" />
  <meta name='ocr-system' content='tesseract 3.04.00' />
  <meta name='ocr-capabilities' content='ocr_page ocr_carea ocr_par ocr_line ocrx_word'/>
</head>
<body>
  <div class='ocr_page' id='page_1' title='image "./pterentiicartha00unkngoog_0105.png"; bbox 0 0 2917 4950; ppageno 0'>
   <div class='ocr_carea' id='block_1_1' title="bbox 538 417 886 482">
    <p class='ocr_par' dir='ltr' id='par_1_1' title="bbox 538 417 886 482">
     <span class='ocr_line' id='line_1_1' title="bbox 538 417 886 482; baseline 0.009 -3"><span class='ocrx_word' id='word_1_1' title='bbox 538 417 604 479; x_wconf 86' lang='lat' dir='ltr'>DB</span> <span class='ocrx_word' id='word_1_2' title='bbox 633 419 886 482; x_wconf 81' lang='lat' dir='ltr'>THEATRO.</span> 
     </span>
    </p>
   </div>
   <div class='ocr_carea' id='block_1_2' title="bbox 373 714 1050 776">
    <p class='ocr_par' dir='ltr' id='par_1_2' title="bbox 373 714 1050 776">
     <span class='ocr_line' id='line_1_2' title="bbox 373 714 1050 776; baseline 0.006 -4"><span class='ocrx_word' id='word_1_3' title='bbox 373 714 499 774; x_wconf 77' lang='lat' dir='ltr'>Amictus</span> <span class='ocrx_word' id='word_1_4' title='bbox 512 724 540 774; x_wconf 83' lang='lat' dir='ltr'>et</span> <span class='ocrx_word' id='word_1_5' title='bbox 553 714 681 774; x_wconf 84' lang='lat' dir='ltr'>Persona</span> <span class='ocrx_word' id='word_1_6' title='bbox 693 716 866 776; x_wconf 62' lang='lat' dir='ltr'>mamam</span> <span class='ocrx_word' id='word_1_7' title='bbox 876 716 1050 776; x_wconf 61' lang='lat' dir='ltr'>remearant.</span> 
     </span>
    </p>
   </div>
   <div class='ocr_carea' id='block_1_3' title="bbox 176 891 1292 4260">
    <p class='ocr_par' dir='ltr' id='par_1_3' title="bbox 176 891 1292 4260">
     <span class='ocr_line' id='line_1_3' title="bbox 253 891 1242 976; baseline 0.002 -23"><span class='ocrx_word' id='word_1_8' title='bbox 253 891 407 962; x_wconf 60' lang='lat' dir='ltr'>borconni</span> <span class='ocrx_word' id='word_1_9' title='bbox 434 893 579 964; x_wconf 56' lang='lat' dir='ltr'>boiaco</span> <span class='ocrx_word' id='word_1_10' title='bbox 604 895 733 973; x_wconf 59' lang='lat' dir='ltr'>agam</span> <span class='ocrx_word' id='word_1_11' title='bbox 750 894 933 965; x_wconf 69' lang='lat' dir='ltr'>mundium,</span> <span class='ocrx_word' id='word_1_12' title='bbox 950 913 1048 974; x_wconf 81' lang='lat' dir='ltr'>noque</span> <span class='ocrx_word' id='word_1_13' title='bbox 1068 911 1213 976; x_wconf 65' lang='lat' dir='ltr'>agnam</span> <span class='ocrx_word' id='word_1_14' title='bbox 1239 915 1242 920; x_wconf 71' lang='grc'><em>’</em></span> 
     </span>
     <span class='ocr_line' id='line_1_4' title="bbox 212 974 1212 1056; baseline 0 -17"><span class='ocrx_word' id='word_1_15' title='bbox 212 974 333 1040; x_wconf 60' lang='lat' dir='ltr'>batert</span> <span class='ocrx_word' id='word_1_16' title='bbox 351 974 422 1040; x_wconf 48' lang='lat' dir='ltr'>¹Sed</span> <span class='ocrx_word' id='word_1_17' title='bbox 434 974 477 1040; x_wconf 81' lang='lat' dir='ltr'>ita</span> <span class='ocrx_word' id='word_1_18' title='bbox 488 975 660 1055; x_wconf 72' lang='lat' dir='ltr'>conpote</span> <span class='ocrx_word' id='word_1_19' title='bbox 672 995 709 1044; x_wconf 78' lang='lat' dir='ltr'>ac</span> <span class='ocrx_word' id='word_1_20' title='bbox 722 975 858 1044; x_wconf 65' lang='lat' dir='ltr'>conflua</span> <span class='ocrx_word' id='word_1_21' title='bbox 868 986 952 1046; x_wconf 72' lang='lat' dir='ltr'>eraut</span> <span class='ocrx_word' id='word_1_22' title='bbox 964 996 1108 1056; x_wconf 65' lang='lat' dir='ltr'>narona,</span> <span class='ocrx_word' id='word_1_23' title='bbox 1119 987 1152 1038; x_wconf 80' lang='lat' dir='ltr'>nt</span> <span class='ocrx_word' id='word_1_24' title='bbox 1166 998 1212 1040; x_wconf 85' lang='lat' dir='ltr'>re·</span> 
     </span>
     <span class='ocr_line' id='line_1_5' title="bbox 210 1070 1212 1153; baseline 0.005 -18"><span class='ocrx_word' id='word_1_25' title='bbox 210 1070 366 1146; x_wconf 60' lang='lat' dir='ltr'>&amp;restiti</span> <span class='ocrx_word' id='word_1_26' title='bbox 382 1071 477 1151; x_wconf 67' lang='lat' dir='ltr'>tasum</span> <span class='ocrx_word' id='word_1_27' title='bbox 494 1073 576 1151; x_wconf 66' lang='lat' dir='ltr'>quod</span> <span class='ocrx_word' id='word_1_28' title='bbox 587 1091 607 1141; x_wconf 70' lang='lat' dir='ltr'>a</span> <span class='ocrx_word' id='word_1_29' title='bbox 619 1072 709 1140; x_wconf 72' lang='lat' dir='ltr'>mitro</span> <span class='ocrx_word' id='word_1_30' title='bbox 721 1074 882 1151; x_wconf 64' lang='lat' dir='ltr'>agebatur</span> <span class='ocrx_word' id='word_1_31' title='bbox 900 1072 1212 1153; x_wconf 64' lang='lat' dir='ltr'>innammabant</span> 
     </span>
     <span class='ocr_line' id='line_1_6' title="bbox 212 1168 1212 1250; baseline 0.017 -25"><span class='ocrx_word' id='word_1_32' title='bbox 212 1168 646 1248; x_wconf 69' lang='lat' dir='ltr'>voeemejmsudirelbsran.</span> <span class='ocrx_word' id='word_1_33' title='bbox 687 1169 999 1250; x_wconf 58' lang='lat' dir='ltr'>Nemantourista</span> <span class='ocrx_word' id='word_1_34' title='bbox 1012 1170 1123 1242; x_wconf 73' lang='lat' dir='ltr'>doust,</span> <span class='ocrx_word' id='word_1_35' title='bbox 1139 1168 1212 1246; x_wconf 71' lang='lat' dir='ltr'>tto·</span> 
     </span>
     <span class='ocr_line' id='line_1_7' title="bbox 212 1265 1212 1347; baseline 0.003 -23"><span class='ocrx_word' id='word_1_36' title='bbox 212 1265 321 1326; x_wconf 81' lang='lat' dir='ltr'>triones</span> <span class='ocrx_word' id='word_1_37' title='bbox 328 1276 440 1327; x_wconf 72' lang='lat' dir='ltr'>tanum</span> <span class='ocrx_word' id='word_1_38' title='bbox 449 1267 581 1346; x_wconf 80' lang='lat' dir='ltr'><strong>gestibus</strong></span> <span class='ocrx_word' id='word_1_39' title='bbox 591 1268 767 1328; x_wconf 68' lang='lat' dir='ltr'>comoediam</span> <span class='ocrx_word' id='word_1_40' title='bbox 777 1267 881 1347; x_wconf 86' lang='lat' dir='ltr'>egisse,</span> <span class='ocrx_word' id='word_1_41' title='bbox 900 1288 960 1330; x_wconf 90' lang='lat' dir='ltr'>uon</span> <span class='ocrx_word' id='word_1_42' title='bbox 970 1268 1058 1329; x_wconf 84' lang='lat' dir='ltr'>etiam</span> <span class='ocrx_word' id='word_1_43' title='bbox 1071 1267 1137 1327; x_wconf 83' lang='lat' dir='ltr'>viva</span> <span class='ocrx_word' id='word_1_44' title='bbox 1146 1287 1212 1347; x_wconf 88' lang='lat' dir='ltr'>pro-</span> 
     </span>
     <span class='ocr_line' id='line_1_8' title="bbox 210 1360 1211 1443; baseline 0.006 -23"><span class='ocrx_word' id='word_1_45' title='bbox 210 1360 328 1434; x_wconf 89' lang='lat' dir='ltr'>latione,</span> <span class='ocrx_word' id='word_1_46' title='bbox 336 1360 370 1422; x_wconf 89' lang='lat' dir='ltr'>id</span> <span class='ocrx_word' id='word_1_47' title='bbox 380 1363 474 1422; x_wconf 88' lang='lat' dir='ltr'>minus</span> <span class='ocrx_word' id='word_1_48' title='bbox 487 1363 558 1422; x_wconf 89' lang='lat' dir='ltr'>mibi</span> <span class='ocrx_word' id='word_1_49' title='bbox 568 1363 750 1443; x_wconf 90' lang='lat' dir='ltr'>probandum</span> <span class='ocrx_word' id='word_1_50' title='bbox 761 1385 827 1427; x_wconf 87' lang='lat' dir='ltr'>essa</span> <span class='ocrx_word' id='word_1_51' title='bbox 836 1366 961 1427; x_wconf 82' lang='lat' dir='ltr'>videtur.</span> <span class='ocrx_word' id='word_1_52' title='bbox 1002 1365 1211 1426; x_wconf 71' lang='lat' dir='ltr'><strong>vestiebantur</strong></span> 
     </span>
     <span class='ocr_line' id='line_1_9' title="bbox 210 1450 1211 1543; baseline 0.003 -25"><span class='ocrx_word' id='word_1_53' title='bbox 210 1479 329 1540; x_wconf 88' lang='lat' dir='ltr'>quoque</span> <span class='ocrx_word' id='word_1_54' title='bbox 355 1459 510 1521; x_wconf 81' lang='lat' dir='ltr'><strong>histriones</strong></span> <span class='ocrx_word' id='word_1_55' title='bbox 528 1480 584 1540; x_wconf 90' lang='lat' dir='ltr'>pro</span> <span class='ocrx_word' id='word_1_56' title='bbox 596 1450 716 1522; x_wconf 54' lang='lat' dir='ltr'>&#39;ratione</span> <span class='ocrx_word' id='word_1_57' title='bbox 733 1481 844 1536; x_wconf 88' lang='lat' dir='ltr'>eorum,</span> <span class='ocrx_word' id='word_1_58' title='bbox 861 1482 936 1543; x_wconf 89' lang='lat' dir='ltr'>quos</span> <span class='ocrx_word' id='word_1_59' title='bbox 956 1462 1135 1535; x_wconf 82' lang='lat' dir='ltr'>referebant,</span> <span class='ocrx_word' id='word_1_60' title='bbox 1154 1462 1211 1522; x_wconf 92' lang='lat' dir='ltr'>boc</span> 
     </span>
     <span class='ocr_line' id='line_1_10' title="bbox 211 1555 1210 1639; baseline 0.002 -23"><span class='ocrx_word' id='word_1_61' title='bbox 211 1566 264 1628; x_wconf 87' lang='lat' dir='ltr'>est,</span> <span class='ocrx_word' id='word_1_62' title='bbox 277 1555 326 1617; x_wconf 82' lang='lat' dir='ltr'>vel</span> <span class='ocrx_word' id='word_1_63' title='bbox 339 1576 499 1629; x_wconf 85' lang='lat' dir='ltr'>servorum,</span> <span class='ocrx_word' id='word_1_64' title='bbox 520 1557 567 1616; x_wconf 86' lang='lat' dir='ltr'>vel</span> <span class='ocrx_word' id='word_1_65' title='bbox 587 1577 700 1630; x_wconf 90' lang='lat' dir='ltr'>senum,</span> <span class='ocrx_word' id='word_1_66' title='bbox 722 1560 771 1619; x_wconf 84' lang='lat' dir='ltr'>vel</span> <span class='ocrx_word' id='word_1_67' title='bbox 792 1561 913 1621; x_wconf 87' lang='lat' dir='ltr'>alterius</span> <span class='ocrx_word' id='word_1_68' title='bbox 933 1580 1067 1639; x_wconf 86' lang='lat' dir='ltr'>personae</span> <span class='ocrx_word' id='word_1_69' title='bbox 1087 1560 1210 1622; x_wconf 87' lang='lat' dir='ltr'>diversis</span> 
     </span>
     <span class='ocr_line' id='line_1_11' title="bbox 209 1652 1209 1735; baseline 0.006 -23"><span class='ocrx_word' id='word_1_70' title='bbox 209 1653 314 1714; x_wconf 89' lang='lat' dir='ltr'>modis.</span> <span class='ocrx_word' id='word_1_71' title='bbox 354 1652 468 1712; x_wconf 75' lang='lat' dir='ltr'>Senibus</span> <span class='ocrx_word' id='word_1_72' title='bbox 490 1654 608 1714; x_wconf 89' lang='lat' dir='ltr'>comicis</span> <span class='ocrx_word' id='word_1_73' title='bbox 622 1655 763 1716; x_wconf 86' lang='lat' dir='ltr'>candidus</span> <span class='ocrx_word' id='word_1_74' title='bbox 777 1658 893 1715; x_wconf 82' lang='lat' dir='ltr'>vestitas</span> <span class='ocrx_word' id='word_1_75' title='bbox 906 1658 1041 1729; x_wconf 91' lang='lat' dir='ltr'>dabatur,</span> <span class='ocrx_word' id='word_1_76' title='bbox 1056 1657 1107 1735; x_wconf 91' lang='lat' dir='ltr'>qui</span> <span class='ocrx_word' id='word_1_77' title='bbox 1120 1657 1209 1718; x_wconf 90' lang='lat' dir='ltr'>etiam</span> 
     </span>
     <span class='ocr_line' id='line_1_12' title="bbox 209 1748 1209 1832; baseline 0.003 -22"><span class='ocrx_word' id='word_1_78' title='bbox 209 1748 426 1832; x_wconf 88' lang='lat' dir='ltr'>antiquissimus</span> <span class='ocrx_word' id='word_1_79' title='bbox 439 1750 531 1811; x_wconf 87' lang='lat' dir='ltr'>fuisse</span> <span class='ocrx_word' id='word_1_80' title='bbox 544 1762 733 1813; x_wconf 86' lang='lat' dir='ltr'>memoratur.</span> <span class='ocrx_word' id='word_1_81' title='bbox 774 1753 963 1812; x_wconf 84' lang='lat' dir='ltr'>Adolescentes</span> <span class='ocrx_word' id='word_1_82' title='bbox 976 1752 1112 1812; x_wconf 83' lang='lat' dir='ltr'><strong>discolori</strong></span> <span class='ocrx_word' id='word_1_83' title='bbox 1125 1763 1209 1813; x_wconf 84' lang='lat' dir='ltr'>vaste</span> 
     </span>
     <span class='ocr_line' id='line_1_13' title="bbox 210 1846 1207 1928; baseline 0.002 -22"><span class='ocrx_word' id='word_1_84' title='bbox 210 1846 451 1926; x_wconf 82' lang='lat' dir='ltr'>contegebantur.</span> <span class='ocrx_word' id='word_1_85' title='bbox 502 1846 583 1907; x_wconf 83' lang='lat' dir='ltr'>Seroi</span> <span class='ocrx_word' id='word_1_86' title='bbox 605 1846 710 1908; x_wconf 91' lang='lat' dir='ltr'>comici</span> <span class='ocrx_word' id='word_1_87' title='bbox 734 1846 842 1908; x_wconf 91' lang='lat' dir='ltr'>amictu</span> <span class='ocrx_word' id='word_1_88' title='bbox 863 1848 1064 1910; x_wconf 82' lang='lat' dir='ltr'>vestiebantur</span> <span class='ocrx_word' id='word_1_89' title='bbox 1088 1849 1207 1928; x_wconf 82' lang='lat' dir='ltr'>exiguo,</span> 
     </span>
     <span class='ocr_line' id='line_1_14' title="bbox 208 1944 1208 2026; baseline 0.002 -22"><span class='ocrx_word' id='word_1_90' title='bbox 208 1945 387 2026; x_wconf 79' lang='lat' dir='ltr'>paupertatis</span> <span class='ocrx_word' id='word_1_91' title='bbox 400 1944 529 2026; x_wconf 76' lang='lat' dir='ltr'>antiquae</span> <span class='ocrx_word' id='word_1_92' title='bbox 537 1945 642 2024; x_wconf 88' lang='lat' dir='ltr'>gratia,</span> <span class='ocrx_word' id='word_1_93' title='bbox 653 1944 701 2004; x_wconf 88' lang='lat' dir='ltr'>vel</span> <span class='ocrx_word' id='word_1_94' title='bbox 711 1963 771 2023; x_wconf 90' lang='lat' dir='ltr'>quo</span> <span class='ocrx_word' id='word_1_95' title='bbox 782 1945 946 2025; x_wconf 86' lang='lat' dir='ltr'>expeditius</span> <span class='ocrx_word' id='word_1_96' title='bbox 956 1956 1087 2025; x_wconf 87' lang='lat' dir='ltr'>agerent.</span> <span class='ocrx_word' id='word_1_97' title='bbox 1117 1947 1208 2006; x_wconf 90' lang='lat' dir='ltr'>Para·</span> 
     </span>
     <span class='ocr_line' id='line_1_15' title="bbox 208 2041 1208 2125; baseline 0.003 -25"><span class='ocrx_word' id='word_1_98' title='bbox 208 2043 254 2101; x_wconf 84' lang='lat' dir='ltr'>siti</span> <span class='ocrx_word' id='word_1_99' title='bbox 267 2061 337 2101; x_wconf 93' lang='lat' dir='ltr'>cum</span> <span class='ocrx_word' id='word_1_100' title='bbox 350 2041 464 2103; x_wconf 90' lang='lat' dir='ltr'>intortis</span> <span class='ocrx_word' id='word_1_101' title='bbox 476 2041 572 2122; x_wconf 89' lang='lat' dir='ltr'>palliis</span> <span class='ocrx_word' id='word_1_102' title='bbox 585 2042 750 2122; x_wconf 83' lang='lat' dir='ltr'>prodibant.</span> <span class='ocrx_word' id='word_1_103' title='bbox 771 2044 880 2102; x_wconf 75' lang='lat' dir='ltr'>Milites</span> <span class='ocrx_word' id='word_1_104' title='bbox 894 2044 1050 2125; x_wconf 82' lang='lat' dir='ltr'>chlamyde</span> <span class='ocrx_word' id='word_1_105' title='bbox 1060 2063 1208 2124; x_wconf 88' lang='lat' dir='ltr'>purpurea</span> 
     </span>
     <span class='ocr_line' id='line_1_16' title="bbox 209 2139 1208 2221; baseline 0.001 -22"><span class='ocrx_word' id='word_1_106' title='bbox 209 2139 377 2201; x_wconf 89' lang='lat' dir='ltr'>utebantur.</span> <span class='ocrx_word' id='word_1_107' title='bbox 412 2140 514 2199; x_wconf 77' lang='lat' dir='ltr'>Puella</span> <span class='ocrx_word' id='word_1_108' title='bbox 525 2139 642 2200; x_wconf 88' lang='lat' dir='ltr'>habitus</span> <span class='ocrx_word' id='word_1_109' title='bbox 656 2149 719 2200; x_wconf 88' lang='lat' dir='ltr'>erat</span> <span class='ocrx_word' id='word_1_110' title='bbox 730 2140 912 2219; x_wconf 84' lang='lat' dir='ltr'>peregrinus.</span> <span class='ocrx_word' id='word_1_111' title='bbox 946 2141 1021 2201; x_wconf 82' lang='lat' dir='ltr'>Leno</span> <span class='ocrx_word' id='word_1_112' title='bbox 1034 2141 1123 2221; x_wconf 91' lang='lat' dir='ltr'>pallio</span> <span class='ocrx_word' id='word_1_113' title='bbox 1137 2140 1208 2200; x_wconf 85' lang='lat' dir='ltr'>varii</span> 
     </span>
     <span class='ocr_line' id='line_1_17' title="bbox 208 2223 1292 2315; baseline 0.001 -18"><span class='ocrx_word' id='word_1_114' title='bbox 208 2237 314 2298; x_wconf 89' lang='lat' dir='ltr'>coloris</span> <span class='ocrx_word' id='word_1_115' title='bbox 329 2236 519 2298; x_wconf 81' lang='lat' dir='ltr'>vestiebatur.</span> <span class='ocrx_word' id='word_1_116' title='bbox 560 2238 755 2297; x_wconf 79' lang='lat' dir='ltr'>Meretricibos</span> <span class='ocrx_word' id='word_1_117' title='bbox 766 2238 1057 2315; x_wconf 71' lang='lat' dir='ltr'>dabantur&#39;syrmata,</span> <span class='ocrx_word' id='word_1_118' title='bbox 1076 2237 1134 2298; x_wconf 90' lang='lat' dir='ltr'>hoc</span> <span class='ocrx_word' id='word_1_119' title='bbox 1151 2248 1206 2309; x_wconf 90' lang='lat' dir='ltr'>est,</span> <span class='ocrx_word' id='word_1_120' title='bbox 1288 2223 1292 2228; x_wconf 41' lang='grc'><em>’</em></span> 
     </span>
     <span class='ocr_line' id='line_1_18' title="bbox 208 2324 1207 2415; baseline -0.002 -20"><span class='ocrx_word' id='word_1_121' title='bbox 208 2345 304 2396; x_wconf 85' lang='lat' dir='ltr'>vestes</span> <span class='ocrx_word' id='word_1_122' title='bbox 323 2324 472 2414; x_wconf 68' lang='lat' dir='ltr'>expansis,</span> <span class='ocrx_word' id='word_1_123' title='bbox 488 2344 520 2394; x_wconf 91' lang='lat' dir='ltr'>et</span> <span class='ocrx_word' id='word_1_124' title='bbox 538 2354 605 2413; x_wconf 85' lang='lat' dir='ltr'>quae</span> <span class='ocrx_word' id='word_1_125' title='bbox 622 2333 739 2414; x_wconf 86' lang='lat' dir='ltr'>longius</span> <span class='ocrx_word' id='word_1_126' title='bbox 761 2336 970 2395; x_wconf 89' lang='lat' dir='ltr'>trahebantur:</span> <span class='ocrx_word' id='word_1_127' title='bbox 992 2347 1076 2396; x_wconf 87' lang='lat' dir='ltr'>erant</span> <span class='ocrx_word' id='word_1_128' title='bbox 1089 2354 1207 2415; x_wconf 91' lang='lat' dir='ltr'>quoque</span> 
     </span>
     <span class='ocr_line' id='line_1_19' title="bbox 204 2430 1205 2515; baseline -0.004 -22"><span class='ocrx_word' id='word_1_129' title='bbox 204 2432 377 2515; x_wconf 89' lang='lat' dir='ltr'>plerumque</span> <span class='ocrx_word' id='word_1_130' title='bbox 391 2431 464 2494; x_wconf 90' lang='lat' dir='ltr'>lutei</span> <span class='ocrx_word' id='word_1_131' title='bbox 479 2430 598 2506; x_wconf 84' lang='lat' dir='ltr'>coloris,</span> <span class='ocrx_word' id='word_1_132' title='bbox 618 2432 657 2492; x_wconf 96' lang='lat' dir='ltr'>ob</span> <span class='ocrx_word' id='word_1_133' title='bbox 676 2430 835 2492; x_wconf 74' lang='lat' dir='ltr'>avanticos.</span> <span class='ocrx_word' id='word_1_134' title='bbox 877 2431 1013 2512; x_wconf 87' lang='lat' dir='ltr'>Syrmata</span> <span class='ocrx_word' id='word_1_135' title='bbox 1032 2432 1133 2503; x_wconf 88' lang='lat' dir='ltr'>etiam,</span> <span class='ocrx_word' id='word_1_136' title='bbox 1152 2451 1205 2492; x_wconf 88' lang='lat' dir='ltr'>seu</span> 
     </span>
     <span class='ocr_line' id='line_1_20' title="bbox 204 2528 1205 2612; baseline -0.005 -22"><span class='ocrx_word' id='word_1_137' title='bbox 204 2531 284 2612; x_wconf 90' lang='lat' dir='ltr'>pulla</span> <span class='ocrx_word' id='word_1_138' title='bbox 301 2530 458 2609; x_wconf 86' lang='lat' dir='ltr'>gestabant</span> <span class='ocrx_word' id='word_1_139' title='bbox 474 2528 610 2589; x_wconf 91' lang='lat' dir='ltr'>luctuosa</span> <span class='ocrx_word' id='word_1_140' title='bbox 628 2529 820 2601; x_wconf 85' lang='lat' dir='ltr'>funeralibus,</span> <span class='ocrx_word' id='word_1_141' title='bbox 838 2549 905 2608; x_wconf 87' lang='lat' dir='ltr'>quae</span> <span class='ocrx_word' id='word_1_142' title='bbox 922 2528 1064 2589; x_wconf 90' lang='lat' dir='ltr'>incuriam</span> <span class='ocrx_word' id='word_1_143' title='bbox 1085 2528 1130 2588; x_wconf 93' lang='lat' dir='ltr'>sui</span> <span class='ocrx_word' id='word_1_144' title='bbox 1151 2549 1205 2608; x_wconf 85' lang='lat' dir='ltr'>per</span> 
     </span>
     <span class='ocr_line' id='line_1_21' title="bbox 204 2624 1204 2709; baseline -0.003 -22"><span class='ocrx_word' id='word_1_145' title='bbox 204 2626 416 2707; x_wconf 81' lang='lat' dir='ltr'>negligentiam</span> <span class='ocrx_word' id='word_1_146' title='bbox 436 2625 647 2705; x_wconf 86' lang='lat' dir='ltr'>significabant.</span> <span class='ocrx_word' id='word_1_147' title='bbox 683 2624 745 2687; x_wconf 87' lang='lat' dir='ltr'>Sed</span> <span class='ocrx_word' id='word_1_148' title='bbox 758 2625 783 2684; x_wconf 92' lang='lat' dir='ltr'>si</span> <span class='ocrx_word' id='word_1_149' title='bbox 796 2626 914 2709; x_wconf 90' lang='lat' dir='ltr'>quando</span> <span class='ocrx_word' id='word_1_150' title='bbox 927 2625 1095 2685; x_wconf 87' lang='lat' dir='ltr'>variandum</span> <span class='ocrx_word' id='word_1_151' title='bbox 1109 2625 1139 2682; x_wconf 90' lang='lat' dir='ltr'>in</span> <span class='ocrx_word' id='word_1_152' title='bbox 1152 2646 1204 2684; x_wconf 91' lang='lat' dir='ltr'>co-</span> 
     </span>
     <span class='ocr_line' id='line_1_22' title="bbox 204 2722 1203 2802; baseline 0 -20"><span class='ocrx_word' id='word_1_153' title='bbox 204 2723 318 2783; x_wconf 89' lang='lat' dir='ltr'>rnoediis</span> <span class='ocrx_word' id='word_1_154' title='bbox 329 2732 402 2795; x_wconf 89' lang='lat' dir='ltr'>erat,</span> <span class='ocrx_word' id='word_1_155' title='bbox 416 2722 595 2801; x_wconf 86' lang='lat' dir='ltr'>vestitusque</span> <span class='ocrx_word' id='word_1_156' title='bbox 609 2722 831 2782; x_wconf 88' lang='lat' dir='ltr'>commutandus</span> <span class='ocrx_word' id='word_1_157' title='bbox 842 2743 895 2802; x_wconf 90' lang='lat' dir='ltr'>pro</span> <span class='ocrx_word' id='word_1_158' title='bbox 906 2722 1066 2797; x_wconf 85' lang='lat' dir='ltr'>affectibus,</span> <span class='ocrx_word' id='word_1_159' title='bbox 1080 2742 1151 2802; x_wconf 90' lang='lat' dir='ltr'>quos</span> <span class='ocrx_word' id='word_1_160' title='bbox 1163 2743 1203 2782; x_wconf 87' lang='lat' dir='ltr'>ex</span> 
     </span>
     <span class='ocr_line' id='line_1_23' title="bbox 204 2817 1203 2898; baseline -0.002 -17"><span class='ocrx_word' id='word_1_161' title='bbox 204 2818 357 2883; x_wconf 81' lang='lat' dir='ltr'>comoediae</span> <span class='ocrx_word' id='word_1_162' title='bbox 370 2819 486 2879; x_wconf 91' lang='lat' dir='ltr'>actibus</span> <span class='ocrx_word' id='word_1_163' title='bbox 510 2818 722 2898; x_wconf 85' lang='lat' dir='ltr'>significabant,</span> <span class='ocrx_word' id='word_1_164' title='bbox 736 2817 812 2877; x_wconf 78' lang='lat' dir='ltr'>laetis</span> <span class='ocrx_word' id='word_1_165' title='bbox 830 2819 950 2879; x_wconf 87' lang='lat' dir='ltr'>vestitus</span> <span class='ocrx_word' id='word_1_166' title='bbox 964 2820 1088 2880; x_wconf 90' lang='lat' dir='ltr'>dabatur</span> <span class='ocrx_word' id='word_1_167' title='bbox 1102 2822 1203 2881; x_wconf 91' lang='lat' dir='ltr'>candi-</span> 
     </span>
     <span class='ocr_line' id='line_1_24' title="bbox 176 2914 1203 2997; baseline -0.002 -19"><span class='ocrx_word' id='word_1_168' title='bbox 176 2961 179 2967; x_wconf 78' lang='lat'>·</span> <span class='ocrx_word' id='word_1_169' title='bbox 204 2919 257 2978; x_wconf 88' lang='lat' dir='ltr'>dus</span> <span class='ocrx_word' id='word_1_170' title='bbox 266 2938 279 2985; x_wconf 21' lang='grc' dir='ltr'>ι]</span> <span class='ocrx_word' id='word_1_171' title='bbox 295 2915 466 2976; x_wconf 77' lang='lat' dir='ltr'>aerumnosis</span> <span class='ocrx_word' id='word_1_172' title='bbox 476 2916 644 2977; x_wconf 91' lang='lat' dir='ltr'>obsoletus:</span> <span class='ocrx_word' id='word_1_173' title='bbox 665 2914 748 2976; x_wconf 86' lang='lat' dir='ltr'>diviti</span> <span class='ocrx_word' id='word_1_174' title='bbox 757 2934 873 2995; x_wconf 92' lang='lat' dir='ltr'>quoque</span> <span class='ocrx_word' id='word_1_175' title='bbox 883 2915 1062 2996; x_wconf 88' lang='lat' dir='ltr'>purpureus:</span> <span class='ocrx_word' id='word_1_176' title='bbox 1080 2918 1203 2997; x_wconf 90' lang='lat' dir='ltr'>pauperi</span> 
     </span>
     <span class='ocr_line' id='line_1_25' title="bbox 205 3011 1202 3095; baseline -0.001 -20"><span class='ocrx_word' id='word_1_177' title='bbox 205 3014 377 3095; x_wconf 88' lang='lat' dir='ltr'>phoenicius.</span> <span class='ocrx_word' id='word_1_178' title='bbox 408 3013 527 3092; x_wconf 82' lang='lat' dir='ltr'>Tragici</span> <span class='ocrx_word' id='word_1_179' title='bbox 538 3011 724 3091; x_wconf 86' lang='lat' dir='ltr'>auttragoedi</span> <span class='ocrx_word' id='word_1_180' title='bbox 738 3023 852 3081; x_wconf 85' lang='lat' dir='ltr'>actores</span> <span class='ocrx_word' id='word_1_181' title='bbox 876 3013 1138 3074; x_wconf 72' lang='lat' dir='ltr'>edecumentorum</span> <span class='ocrx_word' id='word_1_182' title='bbox 1149 3035 1202 3093; x_wconf 86' lang='lat' dir='ltr'>ge·</span> 
     </span>
     <span class='ocr_line' id='line_1_26' title="bbox 205 3108 1203 3189; baseline 0.001 -19"><span class='ocrx_word' id='word_1_183' title='bbox 205 3131 274 3172; x_wconf 89' lang='lat' dir='ltr'>nere</span> <span class='ocrx_word' id='word_1_184' title='bbox 285 3131 304 3172; x_wconf 93' lang='lat' dir='ltr'>a</span> <span class='ocrx_word' id='word_1_185' title='bbox 314 3109 455 3171; x_wconf 84' lang='lat' dir='ltr'>comoedis</span> <span class='ocrx_word' id='word_1_186' title='bbox 468 3108 629 3181; x_wconf 76' lang='lat' dir='ltr'>sanabant,</span> <span class='ocrx_word' id='word_1_187' title='bbox 642 3128 738 3189; x_wconf 88' lang='lat' dir='ltr'>eoque</span> <span class='ocrx_word' id='word_1_188' title='bbox 752 3109 999 3171; x_wconf 87' lang='lat' dir='ltr'>discernebantur.</span> <span class='ocrx_word' id='word_1_189' title='bbox 1034 3111 1203 3172; x_wconf 90' lang='lat' dir='ltr'>Utebantur</span> 
     </span>
     <span class='ocr_line' id='line_1_27' title="bbox 205 3191 1251 3286; baseline 0.001 -18"><span class='ocrx_word' id='word_1_190' title='bbox 205 3207 282 3268; x_wconf 90' lang='lat' dir='ltr'>enim</span> <span class='ocrx_word' id='word_1_191' title='bbox 293 3206 398 3286; x_wconf 88' lang='lat' dir='ltr'>tragici</span> <span class='ocrx_word' id='word_1_192' title='bbox 410 3206 566 3266; x_wconf 86' lang='lat' dir='ltr'>intheatro</span> <span class='ocrx_word' id='word_1_193' title='bbox 580 3205 814 3285; x_wconf 77' lang='lat' dir='ltr'>catlmnis‚quad</span> <span class='ocrx_word' id='word_1_194' title='bbox 835 3206 895 3266; x_wconf 90' lang='lat' dir='ltr'>tale</span> <span class='ocrx_word' id='word_1_195' title='bbox 918 3226 1013 3286; x_wconf 85' lang='lat' dir='ltr'>genus</span> <span class='ocrx_word' id='word_1_196' title='bbox 1027 3218 1090 3267; x_wconf 91' lang='lat' dir='ltr'>erat</span> <span class='ocrx_word' id='word_1_197' title='bbox 1105 3191 1201 3269; x_wconf 75' lang='lat' dir='ltr'>calce·</span> <span class='ocrx_word' id='word_1_198' title='bbox 1249 3212 1251 3219; x_wconf 90' lang='lat'>&#39;</span> 
     </span>
     <span class='ocr_line' id='line_1_28' title="bbox 204 3298 1200 3381; baseline -0.001 -16"><span class='ocrx_word' id='word_1_199' title='bbox 204 3303 322 3377; x_wconf 89' lang='lat' dir='ltr'>amenti,</span> <span class='ocrx_word' id='word_1_200' title='bbox 337 3315 371 3364; x_wconf 90' lang='lat' dir='ltr'>ut</span> <span class='ocrx_word' id='word_1_201' title='bbox 383 3303 489 3364; x_wconf 86' lang='lat' dir='ltr'>dextro</span> <span class='ocrx_word' id='word_1_202' title='bbox 502 3304 637 3381; x_wconf 84' lang='lat' dir='ltr'>laevoque</span> <span class='ocrx_word' id='word_1_203' title='bbox 654 3301 724 3381; x_wconf 88' lang='lat' dir='ltr'>pedi</span> <span class='ocrx_word' id='word_1_204' title='bbox 741 3303 929 3364; x_wconf 87' lang='lat' dir='ltr'>conveniret:</span> <span class='ocrx_word' id='word_1_205' title='bbox 952 3298 1092 3365; x_wconf 84' lang='lat' dir='ltr'>caeterum</span> <span class='ocrx_word' id='word_1_206' title='bbox 1109 3305 1200 3365; x_wconf 89' lang='lat' dir='ltr'>altum</span> 
     </span>
     <span class='ocr_line' id='line_1_29' title="bbox 204 3399 1199 3487; baseline -0.004 -25"><span class='ocrx_word' id='word_1_207' title='bbox 204 3411 233 3462; x_wconf 87' lang='lat' dir='ltr'>et</span> <span class='ocrx_word' id='word_1_208' title='bbox 253 3399 430 3487; x_wconf 79' lang='lat' dir='ltr'>prominens,</span> <span class='ocrx_word' id='word_1_209' title='bbox 452 3410 626 3478; x_wconf 89' lang='lat' dir='ltr'>actoresque</span> <span class='ocrx_word' id='word_1_210' title='bbox 645 3399 824 3478; x_wconf 85' lang='lat' dir='ltr'>proceriores</span> <span class='ocrx_word' id='word_1_211' title='bbox 844 3401 971 3461; x_wconf 86' lang='lat' dir='ltr'>efficiens</span> <span class='ocrx_word' id='word_1_212' title='bbox 990 3420 1027 3461; x_wconf 90' lang='lat' dir='ltr'>ac</span> <span class='ocrx_word' id='word_1_213' title='bbox 1048 3401 1199 3461; x_wconf 83' lang='lat' dir='ltr'>referens:</span> 
     </span>
     <span class='ocr_line' id='line_1_30' title="bbox 204 3497 1199 3577; baseline -0.002 -20"><span class='ocrx_word' id='word_1_214' title='bbox 204 3499 273 3558; x_wconf 85' lang='lat' dir='ltr'>varii</span> <span class='ocrx_word' id='word_1_215' title='bbox 287 3497 606 3571; x_wconf 84' lang='lat' dir='ltr'>coloris,ethonesturn</span> <span class='ocrx_word' id='word_1_216' title='bbox 617 3507 705 3574; x_wconf 89' lang='lat' dir='ltr'>atque</span> <span class='ocrx_word' id='word_1_217' title='bbox 716 3498 854 3577; x_wconf 81' lang='lat' dir='ltr'>elegans:</span> <span class='ocrx_word' id='word_1_218' title='bbox 875 3517 969 3577; x_wconf 89' lang='lat' dir='ltr'>usque</span> <span class='ocrx_word' id='word_1_219' title='bbox 979 3497 1018 3558; x_wconf 90' lang='lat' dir='ltr'>ad</span> <span class='ocrx_word' id='word_1_220' title='bbox 1028 3517 1124 3557; x_wconf 85' lang='lat' dir='ltr'>suram</span> <span class='ocrx_word' id='word_1_221' title='bbox 1134 3497 1199 3575; x_wconf 90' lang='lat' dir='ltr'>ple-</span> 
     </span>
     <span class='ocr_line' id='line_1_31' title="bbox 205 3591 1199 3677; baseline -0.001 -22"><span class='ocrx_word' id='word_1_222' title='bbox 205 3615 326 3677; x_wconf 87' lang='lat' dir='ltr'>rumque</span> <span class='ocrx_word' id='word_1_223' title='bbox 340 3595 518 3664; x_wconf 87' lang='lat' dir='ltr'>devinctum,</span> <span class='ocrx_word' id='word_1_224' title='bbox 542 3612 624 3652; x_wconf 88' lang='lat' dir='ltr'>more</span> <span class='ocrx_word' id='word_1_225' title='bbox 641 3591 763 3653; x_wconf 90' lang='lat' dir='ltr'>Punico.</span> <span class='ocrx_word' id='word_1_226' title='bbox 804 3594 919 3655; x_wconf 86' lang='lat' dir='ltr'>Comici</span> <span class='ocrx_word' id='word_1_227' title='bbox 936 3604 1060 3666; x_wconf 87' lang='lat' dir='ltr'>actores,</span> <span class='ocrx_word' id='word_1_228' title='bbox 1080 3604 1133 3654; x_wconf 89' lang='lat' dir='ltr'>aut</span> <span class='ocrx_word' id='word_1_229' title='bbox 1148 3612 1199 3654; x_wconf 91' lang='lat' dir='ltr'>co·</span> 
     </span>
     <span class='ocr_line' id='line_1_32' title="bbox 204 3689 1199 3770; baseline -0.006 -14"><span class='ocrx_word' id='word_1_230' title='bbox 204 3695 300 3768; x_wconf 88' lang='lat' dir='ltr'>moedi,</span> <span class='ocrx_word' id='word_1_231' title='bbox 320 3696 351 3754; x_wconf 91' lang='lat' dir='ltr'>in</span> <span class='ocrx_word' id='word_1_232' title='bbox 368 3693 464 3755; x_wconf 90' lang='lat' dir='ltr'>scenis</span> <span class='ocrx_word' id='word_1_233' title='bbox 487 3692 581 3753; x_wconf 88' lang='lat' dir='ltr'>soccis</span> <span class='ocrx_word' id='word_1_234' title='bbox 602 3690 778 3750; x_wconf 84' lang='lat' dir='ltr'>utebantur:</span> <span class='ocrx_word' id='word_1_235' title='bbox 798 3691 879 3770; x_wconf 92' lang='lat' dir='ltr'>quod</span> <span class='ocrx_word' id='word_1_236' title='bbox 899 3689 1088 3750; x_wconf 86' lang='lat' dir='ltr'>calceamenti</span> <span class='ocrx_word' id='word_1_237' title='bbox 1102 3710 1199 3769; x_wconf 86' lang='lat' dir='ltr'>genus</span> 
     </span>
     <span class='ocr_line' id='line_1_33' title="bbox 205 3786 1199 3874; baseline -0.012 -20"><span class='ocrx_word' id='word_1_238' title='bbox 205 3793 313 3874; x_wconf 91' lang='lat' dir='ltr'>optime</span> <span class='ocrx_word' id='word_1_239' title='bbox 326 3792 380 3852; x_wconf 88' lang='lat' dir='ltr'>sub</span> <span class='ocrx_word' id='word_1_240' title='bbox 393 3790 481 3871; x_wconf 89' lang='lat' dir='ltr'>pallio</span> <span class='ocrx_word' id='word_1_241' title='bbox 494 3786 697 3850; x_wconf 75' lang='lat' dir='ltr'>convestiebat.</span> <span class='ocrx_word' id='word_1_242' title='bbox 737 3788 991 3855; x_wconf 85' lang='lat' dir='ltr'>Quemadmodum</span> <span class='ocrx_word' id='word_1_243' title='bbox 1000 3786 1077 3846; x_wconf 90' lang='lat' dir='ltr'>enim</span> <span class='ocrx_word' id='word_1_244' title='bbox 1087 3806 1199 3867; x_wconf 86' lang='lat' dir='ltr'>paupe.</span> 
     </span>
     <span class='ocr_line' id='line_1_34' title="bbox 204 3884 1198 3969; baseline -0.004 -19"><span class='ocrx_word' id='word_1_245' title='bbox 204 3910 315 3950; x_wconf 82' lang='lat' dir='ltr'>sumac</span> <span class='ocrx_word' id='word_1_246' title='bbox 326 3888 502 3949; x_wconf 87' lang='lat' dir='ltr'>rusticorum</span> <span class='ocrx_word' id='word_1_247' title='bbox 514 3885 719 3947; x_wconf 80' lang='lat' dir='ltr'>vestimentum</span> <span class='ocrx_word' id='word_1_248' title='bbox 733 3884 791 3943; x_wconf 84' lang='lat' dir='ltr'>fuit</span> <span class='ocrx_word' id='word_1_249' title='bbox 810 3884 1001 3969; x_wconf 26' lang='lat' dir='ltr'>Pallium‚¹ita</span> <span class='ocrx_word' id='word_1_250' title='bbox 1023 3884 1112 3946; x_wconf 87' lang='lat' dir='ltr'>etiam</span> <span class='ocrx_word' id='word_1_251' title='bbox 1131 3885 1198 3947; x_wconf 85' lang='lat' dir='ltr'>Soc·</span> 
     </span>
     <span class='ocr_line' id='line_1_35' title="bbox 204 3980 1198 4063; baseline -0.003 -16"><span class='ocrx_word' id='word_1_252' title='bbox 204 4009 250 4047; x_wconf 82' lang='lat' dir='ltr'>cas</span> <span class='ocrx_word' id='word_1_253' title='bbox 262 3989 353 4048; x_wconf 87' lang='lat' dir='ltr'>altum</span> <span class='ocrx_word' id='word_1_254' title='bbox 365 3986 422 4046; x_wconf 83' lang='lat' dir='ltr'>fuit</span> <span class='ocrx_word' id='word_1_255' title='bbox 440 3985 673 4046; x_wconf 88' lang='lat' dir='ltr'>calceamentum</span> <span class='ocrx_word' id='word_1_256' title='bbox 690 3980 806 4041; x_wconf 87' lang='lat' dir='ltr'>rusticis</span> <span class='ocrx_word' id='word_1_257' title='bbox 826 3981 984 4061; x_wconf 89' lang='lat' dir='ltr'>proprium,</span> <span class='ocrx_word' id='word_1_258' title='bbox 1001 3992 1123 4063; x_wconf 90' lang='lat' dir='ltr'>propter</span> <span class='ocrx_word' id='word_1_259' title='bbox 1143 3983 1198 4044; x_wconf 91' lang='lat' dir='ltr'>im·</span> 
     </span>
     <span class='ocr_line' id='line_1_36' title="bbox 203 4078 1198 4164; baseline -0.005 -18"><span class='ocrx_word' id='word_1_260' title='bbox 203 4088 269 4148; x_wconf 86' lang='lat' dir='ltr'>brea</span> <span class='ocrx_word' id='word_1_261' title='bbox 277 4098 309 4148; x_wconf 91' lang='lat' dir='ltr'>et</span> <span class='ocrx_word' id='word_1_262' title='bbox 317 4085 422 4156; x_wconf 89' lang='lat' dir='ltr'>lutum,</span> <span class='ocrx_word' id='word_1_263' title='bbox 431 4095 521 4164; x_wconf 90' lang='lat' dir='ltr'>atque</span> <span class='ocrx_word' id='word_1_264' title='bbox 530 4083 677 4161; x_wconf 87' lang='lat' dir='ltr'>hybernas</span> <span class='ocrx_word' id='word_1_265' title='bbox 686 4078 812 4159; x_wconf 89' lang='lat' dir='ltr'>pruinas.</span> <span class='ocrx_word' id='word_1_266' title='bbox 831 4079 879 4139; x_wconf 85' lang='lat' dir='ltr'>Eo</span> <span class='ocrx_word' id='word_1_267' title='bbox 890 4079 1080 4140; x_wconf 85' lang='lat' dir='ltr'>calceamenti</span> <span class='ocrx_word' id='word_1_268' title='bbox 1087 4099 1198 4160; x_wconf 84' lang='lat' dir='ltr'>genere</span> 
     </span>
     <span class='ocr_line' id='line_1_37' title="bbox 206 4177 1197 4260; baseline -0.006 -18"><span class='ocrx_word' id='word_1_269' title='bbox 206 4185 360 4245; x_wconf 88' lang='lat' dir='ltr'>utebantur</span> <span class='ocrx_word' id='word_1_270' title='bbox 381 4193 441 4242; x_wconf 89' lang='lat' dir='ltr'>tam</span> <span class='ocrx_word' id='word_1_271' title='bbox 459 4181 512 4240; x_wconf 90' lang='lat' dir='ltr'>viri</span> <span class='ocrx_word' id='word_1_272' title='bbox 532 4199 619 4260; x_wconf 88' lang='lat' dir='ltr'>quam</span> <span class='ocrx_word' id='word_1_273' title='bbox 633 4178 782 4238; x_wconf 84' lang='lat' dir='ltr'>mulieres.</span> <span class='ocrx_word' id='word_1_274' title='bbox 821 4177 1051 4244; x_wconf 85' lang='lat' dir='ltr'>Quinctilianus:</span> <span class='ocrx_word' id='word_1_275' title='bbox 1072 4179 1197 4237; x_wconf 71' lang='lat' dir='ltr'>comoda</span> 
     </span>
    </p>
   </div>
   <div class='ocr_carea' id='block_1_4' title="bbox 204 4272 1302 4464">
    <p class='ocr_par' dir='ltr' id='par_1_4' title="bbox 204 4272 1302 4464">
     <span class='ocr_line' id='line_1_38' title="bbox 204 4272 1302 4358; baseline -0.007 -20"><span class='ocrx_word' id='word_1_276' title='bbox 204 4283 233 4339; x_wconf 82' lang='lat' dir='ltr'>ia</span> <span class='ocrx_word' id='word_1_277' title='bbox 245 4284 387 4341; x_wconf 79' lang='lat' dir='ltr'>cothurnos</span> <span class='ocrx_word' id='word_1_278' title='bbox 398 4302 450 4340; x_wconf 88' lang='lat' dir='ltr'>aaa</span> <span class='ocrx_word' id='word_1_279' title='bbox 468 4280 609 4358; x_wconf 82' lang='lat' dir='ltr'>assurgit:</span> <span class='ocrx_word' id='word_1_280' title='bbox 629 4297 676 4335; x_wconf 84' lang='lat' dir='ltr'>nec</span> <span class='ocrx_word' id='word_1_281' title='bbox 690 4285 784 4335; x_wconf 78' lang='lat' dir='ltr'>cantra</span> <span class='ocrx_word' id='word_1_282' title='bbox 798 4276 930 4353; x_wconf 78' lang='lat' dir='ltr'>tragedia</span> <span class='ocrx_word' id='word_1_283' title='bbox 942 4295 1020 4334; x_wconf 87' lang='lat' dir='ltr'>socca</span> <span class='ocrx_word' id='word_1_284' title='bbox 1032 4275 1194 4353; x_wconf 82' lang='lat' dir='ltr'>ingreditur.</span> <span class='ocrx_word' id='word_1_285' title='bbox 1299 4272 1302 4277; x_wconf 71' lang='grc'>’</span> 
     </span>
     <span class='ocr_line' id='line_1_39' title="bbox 205 4371 1195 4464; baseline -0.009 -26"><span class='ocrx_word' id='word_1_286' title='bbox 205 4377 360 4459; x_wconf 85' lang='lat' dir='ltr'>Tragoedia</span> <span class='ocrx_word' id='word_1_287' title='bbox 373 4378 460 4452; x_wconf 90' lang='lat' dir='ltr'>enim,</span> <span class='ocrx_word' id='word_1_288' title='bbox 474 4396 562 4459; x_wconf 90' lang='lat' dir='ltr'>quum</span> <span class='ocrx_word' id='word_1_289' title='bbox 576 4394 665 4456; x_wconf 87' lang='lat' dir='ltr'>grave</span> <span class='ocrx_word' id='word_1_290' title='bbox 675 4384 714 4464; x_wconf 71' lang='lat' dir='ltr'>=et</span> <span class='ocrx_word' id='word_1_291' title='bbox 730 4371 867 4452; x_wconf 83' lang='lat' dir='ltr'>magnum</span> <span class='ocrx_word' id='word_1_292' title='bbox 886 4380 1103 4452; x_wconf 83' lang='lat' dir='ltr'>argumentum,</span> <span class='ocrx_word' id='word_1_293' title='bbox 1113 4386 1195 4448; x_wconf 88' lang='lat' dir='ltr'>mag·</span> 
     </span>
    </p>
   </div>
   <div class='ocr_carea' id='block_1_5' title="bbox 0 0 1464 4950">
    <p class='ocr_par' dir='ltr' id='par_1_5' title="bbox 0 0 1464 4950">
     <span class='ocr_line' id='line_1_40' title="bbox 0 0 1464 4950; baseline 0 3"><span class='ocrx_word' id='word_1_294' title='bbox 0 0 1464 4950; x_wconf 95' lang='lat' dir='ltr'> </span> 
     </span>
    </p>
   </div>
  </div>
 </body>
</html>
