2917 4950
232 461 274 502 xc
559 438 623 498 DE
651 436 898 499 THEATRD.

231 622 322 683 fiebat
335 640 432 692 scena,
447 631 598 680 camerato
612 632 765 694 contentu,
778 619 854 684 binis
867 619 1057 701 plurimisque
1076 620 1245 701 rrorrtignav·r

230 720 358 781 tionibus
372 729 531 779 eustnucta.
572 719 663 781 Picta
668 731 734 782 erat
742 718 882 798 undique,
893 738 961 781 suaa
974 719 1167 781 domuncuhs
1177 720 1232 781 bn·

231 817 305 890 buit,
312 818 345 876 in
357 827 429 895 quas
440 836 493 897 pro
500 817 614 878 ratione
624 827 744 878 actuum
753 817 921 878 altmat'nn
933 836 967 879 se
980 818 1171 880 conferebant
1180 837 1232 879 oc·

230 925 322 974 tores.
342 913 426 974 Duas
445 933 510 974 arao
529 914 680 995 utriusque
695 914 841 975 babebatr
862 915 996 976 derttnm
1009 915 1112 978 Liberi
1123 914 1233 995 patriar

231 1010 524 1088 sinistrameJusDei,
534 1013 565 1071 in
574 1013 661 1091 cnjus
670 1013 814 1073 honorem
822 1011 885 1071 ludi
894 1011 1015 1073 liabent.
1040 1011 1233 1073 Undoilbtd:
1339 1067 1343 1072 .

231 1128 264 1165 er
275 1127 327 1168 nm
339 1110 400 1169 linc
413 1127 488 1168 stone
504 1111 641 1169 verbenas.
675 1112 779 1190 Atque
791 1109 817 1169 ia
829 1110 949 1172 domurn
959 1115 1023 1171 arat
1035 1121 1233 1190 soenaeuppa·

232 1207 313 1266 ratus
327 1206 494 1270 intheatro·
666 1255 669 1260 .
771 1243 774 1248 ,

456 1471 504 1538 De
517 1468 706 1530 Histrionidnr
718 1479 746 1528 et
761 1467 857 1531 Minis
870 1468 991 1527 semitis.

236 1629 240 1636 ⁴
274 1644 378 1707 Omnis
398 1645 602 1725 tragoediarum
622 1665 657 1707 ae
682 1646 888 1706 comoediarum
902 1642 1005 1724 gratia,
1019 1654 1050 1703 et
1063 1662 1161 1704 saenae
1179 1641 1233 1702 de·

233 1762 298 1819 cus,
318 1741 349 1802 in
368 1742 544 1812 dirtzionibns
565 1741 752 1803 consistebat.
792 1741 951 1801 Histrioner
973 1739 1051 1800 enirn
1070 1749 1100 1800 et
1117 1740 1190 1798 mimi
1202 1738 1233 1798 in

231 1859 322 1900 scena
336 1838 494 1900 comoedias
518 1841 713 1900 recensebant
729 1837 894 1900 secundum
911 1859 980 1899 suos
994 1838 1101 1898 'modos
1115 1849 1147 1898 et
1164 1856 1233 1897 can·

232 1937 301 1999 tica.
343 1937 421 1997 Nam
436 1936 561 2008 cantica,
581 1947 613 1995 ut
625 1937 725 2018 paullo
740 1941 808 1997 ante
823 1936 1011 2010 docebamus,
1029 1934 1233 2017 temperaban-

231 2046 280 2095 tur
294 2034 399 2108 modis,
412 2054 471 2095 non
484 2052 504 2094 a
515 2033 680 2113 poeta-sed
692 2052 711 2093 a
723 2033 820 2116 perito
834 2033 902 2093 artis
925 2032 1044 2094 musicae
1056 2029 1154 2104 iactis,
1168 2032 1234 2091 ‘mu-

231 2117 429 2213 tabanturque
438 2129 520 2192 modi
530 2132 560 2189 in
573 2137 632 2191 uno'
643 2130 768 2191 cantico.
790 2126 913 2191 Fiebant
926 2128 1090 2207 hujusmodi
1104 2128 1234 2190 carmina

232 2228 271 2288 ad
282 2229 367 2288 tibias
380 2249 388 2288 :
407 2241 440 2288 ut
453 2230 498 2289 his
509 2230 615 2289 auditis
626 2229 709 2290 multi
722 2248 762 2289 ex
772 2228 881 2308 populo
891 2239 960 2287 ante
975 2228 1131 2298 discerent,
1144 2244 1233 2305 quam

231 2321 362 2385 fabulam
376 2326 468 2385 acturi
481 2338 580 2386 essent
594 2326 716 2388 scenici.
751 2325 841 2386 Unda
850 2323 924 2385 illud
938 2336 984 2385 est
994 2323 1161 2386 Ciceronis:
1180 2343 1234 2383 non

233 2421 357 2503 intelligo
366 2422 481 2506 (inquit)
495 2426 681 2504 quidmotnot,
697 2445 777 2503 qnam
792 2433 848 2484 tom
862 2421 942 2484 bonor
956 2423 1121 2501 septenarios
1124 2421 1234 2503 snndot

189 2518 191 2523 ‘
235 2520 273 2580 od
291 2523 394 2582 tibiam.
431 2524 564 2582 Tibicincs
581 2523 805 2602 appellabantur
823 2519 873 2600 qui
883 2516 1053 2599 hujusmodi
1067 2519 1183 2579 cantica
1196 2514 1235 2577 ad

234 2615 336 2679 tibiam
348 2619 523 2689 fundebant,
537 2629 692 2697 antequam
703 2628 841 2697 ageretur
852 2616 1003 2689 comoedia,
1015 2617 1062 2676 vel
1072 2615 1147 2676 inter
1157 2616 1234 2694 ipsos

187 2762 191 2775 .
235 2727 330 2776 actus.
369 2704 684 2777 UndeilludPlauti:
713 2706 811 2774 tibicen
831 2732 878 2774 noa
892 2716 997 2775 intereo
1015 2715 1058 2772 ln'c
1083 2714 1234 2773 delectabit.

236 2812 388 2872 Ludionas
412 2823 510 2872 autem
520 2822 551 2869 et
565 2810 717 2871 histriones
727 2811 767 2871 ad
780 2809 908 2871 tibicinis
920 2811 1024 2870 modos
1037 2796 1191 2882 saltabant,
1202 2819 1234 2869 et

236 2909 368 2969 nonnihil
383 2909 471 2969 etiarn
481 2908 673 2968 diverbiorum
684 2907 926 2989 pronunciabant.
957 2907 1047 2971 Unde
1057 2906 1175 2967 Livius:
1192 2892 1233 2966 ln-

236 3008 327 3081 dienes
336 3027 369 3065 er
383 3007 519 3065 Hetrnrr'u
531 3006 622 3076 acciti,
637 3006 675 3064 od
685 3005 802 3064 tibicinis
814 3006 904 3064 modos
913 3006 1055 3077 saltantes,
1065 3013 1114 3063 unt
1127 3005 1233 3063 indeco-

235 3126 281 3164 ros
293 3113 381 3164 motus
398 3122 470 3163 more
487 3103 592 3161 Theseo
612 3102 721 3160 dobunt.
764 3100 918 3183 Proprium
935 3101 1014 3162 enim
1030 3100 1179 3160 ludiorum
1195 3120 1232 3160 aa

234 3199 398 3275 morionum
412 3208 475 3259 erat
487 3209 582 3258 motus
596 3198 729 3269 decoros,
741 3217 778 3259 ac
790 3200 893 3278 gestus
907 3198 1024 3259 omnino
1034 3199 1175 3258 decentes
1189 3218 1234 3258 os-

235 3297 368 3361 tendere.
409 3295 577 3367 Tibicinum
596 3305 696 3355 nutem
714 3304 778 3355 erat
799 3293 949 3369 decorum,
970 3295 1084 3367 modos,
1103 3292 1160 3355 hoc
1176 3305 1232 3371 est,

236 3412 387 3457 mensuras
407 3393 439 3452 in
460 3403 549 3452 cantu
569 3393 734 3463 observare,
757 3391 949 3470 remissusque
972 3403 1024 3451 aut
1038 3401 1157 3465 acutos,
1182 3401 1233 3475 aut
1281 3439 1286 3451 .
1334 3381 1336 3384 ⁴

236 3489 325 3551 etiam
338 3509 443 3570 graves
456 3490 554 3550 facere
568 3509 622 3569 pro
634 3488 764 3549 arbitrio.
803 3489 986 3568 ln'trngaedio
1010 3499 1040 3547 et
1063 3498 1158 3566 satyra
1176 3509 1234 3549 rer·

236 3589 320 3647 decim
331 3606 454 3647 numero
468 3585 700 3647 interveniebant
712 3586 843 3647 moriones
860 3596 892 3645 et
904 3585 1048 3644 histriones.
1054 3610 1066 3654 ,·
1090 3584 1121 3643 in
1143 3605 1233 3644 comn-

237 3685 283 3742 dla
296 3684 384 3744 etiarn
394 3692 511 3761 quatuor
521 3692 552 3742 et
565 3683 675 3760 vigint.
716 3682 775 3749 Qui
786 3681 872 3742 simul
886 3681 980 3762 coacti
992 3682 1022 3740 in
1036 3680 1167 3761 quolibet
1179 3680 1232 3740 lro·

237 3799 302 3841 rum
316 3799 436 3858 genere,
451 3799 597 3858 unamque
611 3799 674 3839 rem
683 3774 856 3857 agentes,ut
863 3784 926 3855 jnm
936 3779 1049 3840 dictum
1063 3789 1119 3850 est,
1133 3778 1235 3836 choras

237 3876 434 3938 vocabantur:
457 3875 539 3935 divisi
553 3876 662 3936 induas
671 3888 780 3955 partes,
798 3876 976 3935 sementaria:
997 3875 1046 3934 ubi
1059 3887 1157 3937 autem
1168 3893 1236 3951 ges·

234 3981 281 4032 tus
295 3983 325 4031 et
340 3984 443 4032 contus
458 3973 644 4047 absolverant
660 3993 738 4044 suos,
758 3983 819 4031 tum
833 3972 870 4030 ‚in
888 3983 988 4052 partes
1005 3972 1105 4053 plures
1120 3969 1232 4033 divide-

237 4070 364 4129 bantur:
386 4068 476 4128 otalii
490 4081 589 4129 essent
607 4068 656 4147 qui
672 4089 772 4141 senes,
781 4069 830 4129 alii
843 4070 1061 4148 quiamatores,
1076 4067 1233 4151 muliercuf

235 4166 288 4238 las,
303 4186 402 4229 servos
415 4166 560 4237 luderent,
575 4168 763 4246 personisque
778 4188 812 4228 ac
830 4168 953 4228 vestium
971 4165 1232 4227 varietate'indue.

236 4275 347 4351 rentur,
358 4265 599 4343 quemadmodum
610 4284 656 4326 res
671 4265 838 4339 exhibebat,
854 4284 889 4327 ac
899 4264 988 4324 moris
1003 4274 1066 4323 erat
1080 4261 1159 4341 apud
1170 4280 1231 4347 eos.
