2917 4950
476 461 591 530 lou.
614 463 644 530 Ι.
681 460 858 529 §CENA
882 459 911 527 Ι.
1150 458 1212 525 1a1

170 644 261 710 'Dum
274 646 355 724 illis,
369 621 431 731 qui
444 649 603 713 amabunt
616 639 825 732 Chrysidem,
836 665 906 712 una
915 643 1213 727 aderat.froquoas;

175 757 325 823 Curabat
338 778 407 822 una
418 758 534 835 funus,
548 760 653 824 tristia
666 760 811 837 interim,
1172 758 1210 818 81

177 868 429 953 Nonnunquam
444 861 729 935 conlaommabat.
746 861 881 954 placuit
891 873 961 933 tum
976 866 1013 930 id
1027 864 1119 930 mibi.
1196 875 1205 912 ι’

174 979 233 1042 Sic
247 981 458 1072 cogitabam3
480 968 548 1057 iric,
560 1000 676 1064 parvae
692 978 946 1046 consuetudinis

176 1090 300 1170 Carisa,
316 1096 456 1156 mortem
469 1090 571 1176 hujus
585 1098 655 1156 tam
668 1091 733 1155 fert
747 1090 973 1155 familiariter:
1066 1127 1070 1134 ·

176 1199 279 1279 Quid,
294 1202 324 1265 si
338 1203 416 1285 ipse
429 1204 600 1267 amasseti
624 1203 707 1287 qnid
721 1202 776 1267 hic
788 1200 871 1266 mibi
885 1200 989 1265 faciet
1003 1199 1114 1284 patrii
1174 1205 1214 1262 85

178 1309 267 1408 Haec
282 1331 346 1395 ego
360 1313 522 1395 putabam
534 1333 610 1376 esse
627 1315 740 1379 omnia
752 1312 889 1379 humani
902 1313 1024 1396 ingeni,

207 1446 254 1509 Iba]
271 1446 388 1510 Significat
402 1455 458 1495 tam.
476 1447 536 1496 iufra
552 1450 588 1496 11.
608 1452 631 1497 3.
646 1451 679 1497 5.·
720 1465 788 1511 quam
808 1452 920 1506 amabant,
938 1450 1066 1497 amiserant.
1085 1450 1122 1497 bio
1141 1466 1217 1497 amore

176 1520 365 1580 ibiculpaminte
383 1519 507 1584 manasen.
525 1521 620 1568 1.iv.11.
631 1523 670 1570 35.
720 1530 816 1584 propter
834 1538 895 1570 suam
912 1521 1046 1584 Glycerium
1064 1522 1216 1570 conlacruma-

176 1591 206 1637 ibi
221 1593 265 1638 ira'
276 1600 307 1639 est
324 1607 435 1653 supprema
454 1593 493 1639 ubi
512 1594 559 1641 rid.
581 1595 670 1642 Duker.
721 1596 770 1649 bat,
786 1593 826 1654 qni
837 1593 918 1641 alienis
928 1593 1036 1655 lacrymis
1052 1609 1106 1641 suas
1117 1610 1217 1642 commo·

177 1666 223 1711 Per
240 1665 398 1727 pieonasmum
417 1664 449 1710 ibi
465 1673 486 1711 te
504 1665 673 1729 conjunguntur
721 1667 798 1713 dabat.
816 1669 846 1713 D.

175 1736 233 1783 infra
244 1752 267 1783 r.
288 1741 343 1784 104.
358 1736 449 1783 iditum
459 1739 594 1784 mammatae
604 1737 672 1785 Pam·
754 1738 920 1801 Nonnunquam
945 1737 1135 1802 conlacrumabat]
1166 1733 1225 1790 Hos¹

174 1809 249 1868 pbitas
265 1808 299 1856 sic
311 1824 372 1870 saepr
380 1811 507 1870 junguntur
517 1811 621 1870 ejusdem
631 1825 673 1870 po-
719 1809 833 1870 laorymas
848 1810 956 1857 fundabat
970 1810 1106 1871 Pamphilus
1124 1818 1220 1872 propter

177 1882 267 1930 testatis
283 1880 403 1943 particulae
423 1889 450 1929 ut
463 1885 515 1944 jam
534 1898 595 1930 nunc
610 1885 672 1943 apud
721 1897 771 1929 eam
782 1881 969 1939 familiaritatem,
986 1898 1052 1944 quam
1069 1884 1167 1930 babebat
1186 1899 1217 1930 ex

177 1954 389 2001 ntaxxxlua.
402 1954 442 2000 nbi
460 1970 484 2001 r.
508 1953 580 2001 Drak.
599 1955 674 2017 itaque
721 1955 884 2016 conjunctione
894 1956 943 2017 ejus
957 1956 1068 2011 mulieris,
1083 1970 1134 2017 quar
1145 1955 1219 2018 Chry·

177 2027 298 2089 ergoapud
310 2026 408 2073 eundem
424 2027 471 2073 Ill.
479 2028 518 2073 31.
530 2028 570 2073 ubi
579 2042 601 2073 r.
613 2029 673 2074 Gro-
722 2027 768 2075 sidi
788 2027 907 2076 aarimima
925 2029 1006 2075 fuerat.
1046 2027 1091 2075 Sed
1111 2028 1217 2088 quoniam

178 2114 229 2145 nar.
241 2100 276 2145 ita
286 2100 317 2145 sie
327 2100 388 2162 apud
399 2099 467 2146 eund.
476 2101 511 2146 Π.
522 2103 561 2146 10.
578 2100 609 2146 R.
622 2101 652 2147 D.
721 2099 818 2163 Gbrysis
827 2109 923 2157 mortus,
935 2100 997 2148 saiva
1008 2107 1084 2149 autem
1094 2097 1134 2148 iila
1151 2113 1218 2162 quam

208 2174 241 2218 80
260 2169 312 2219 lbra
322 2171 408 2218 vaderrat
415 2170 534 2236 frequens]
550 2174 585 2220 Ur
597 2177 673 2234 supra,
722 2173 843 2237 diligebat,
854 2174 907 2222 ideo
926 2189 1083 2235 nonnunquam
1101 2173 1219 2220 conlacru-

178 2260 227 2290 emn
240 2244 376 2306 qaiiarerat
396 2258 488 2306 aumqrre
504 2260 560 2298 aaa,
580 2243 614 2291 bia
632 2260 674 2293 sere
721 2248 807 2303 mabar,
821 2247 846 2294 id
863 2252 906 2302 est,
927 2263 977 2294 cum
998 2247 1095 2294 aliorum
1112 2246 1220 2294 loommin
1288 2281 1294 2298 ,

178 2318 263 2363 dedere.
297 2317 381 2364 Aderat
396 2315 518 2380 frequen]
546 2316 673 2366 Possumus
722 2336 775 2367 suas
785 2335 876 2381 quoque
886 2319 1002 2366 miscebat.
1021 2320 1048 2366 E.
1102 2323 1106 2332 '

166 2390 334 2444 ¹euimadesse,
346 2396 370 2436 et
380 2389 510 2449 frequentes
517 2404 563 2436 non
577 2397 642 2446 esse,
653 2392 673 2439 si
709 2425 712 2434 .
756 2397 787 2441 83
803 2392 839 2439 Sic
845 2392 980 2456 cogitabam]
997 2392 1032 2437 Aa
1044 2391 1166 2447 sidioeret,
1175 2393 1219 2440 boe

178 2469 302 2527 praesentes
317 2477 361 2509 non
380 2461 521 2509 adderemus
532 2462 576 2519 bis,
588 2465 672 2525 quibrrs
721 2464 857 2526 cogitabam.
873 2478 965 2525 sonsum
975 2470 1062 2512 tantum
1074 2463 1220 2526 cogitationis

179 2537 305 2583 adsumus?
321 2542 345 2580 et
354 2531 471 2597 fraqima,
490 2541 516 2581 ut
534 2536 600 2583 miles
611 2539 673 2597 apud
722 2538 800 2585 dicere
811 2537 902 2584 debuit:
919 2537 961 2584 sed
979 2538 1032 2597 quia
1049 2539 1080 2583 sic
1099 2537 1221 2599 cogitabam

176 2609 257 2670 sigua.
267 2607 299 2654 D.
721 2611 791 2667 dixit,
799 2610 875 2670 ipsum
885 2617 974 2673 patum
983 2608 1104 2668 cogitantis
1113 2606 1220 2669 exponit,

209 2679 331 2744 Frequens]
348 2679 396 2725 Pro
411 2679 550 2739 frequenter,
564 2679 672 2741 adJ'ectir.
721 2678 955 2744 etdioiturpipanrrc,
988 2678 1034 2727 Hic
1048 2686 1220 2739 poraoeaonsnr·
1243 2732 1248 2739 .

178 2771 220 2816 pro
242 2750 360 2799 adverbio.
377 2750 429 2797 hir.
445 2751 466 2797 1.
485 2754 524 2800 50.
543 2755 674 2799 conveniant
722 2757 807 2815 tudinis
820 2752 899 2815 caasa]
916 2753 971 2801 Hoc
988 2761 1032 2808 est,
1050 2752 1152 2799 convivii
1171 2759 1220 2800 tarr·

171 2824 378 2891 ⁸freqrrerrterprima
389 2822 438 2870 iare
446 2823 485 2871 ubi
494 2840 516 2872 r.
527 2824 672 2885 interpretes.
722 2835 785 2875 tum:
803 2835 827 2874 et
837 2826 891 2888 quia
907 2825 1000 2872 dixerat
1014 2838 1080 2884 puer,
1090 2823 1134 2869 boo
1145 2824 1220 2871 solum

180 2903 208 2948 lb
219 2900 250 2945 D.
723 2899 798 2960 egisse
808 2897 961 2960 Pamphilum,
973 2895 1031 2942 nibil
1047 2894 1120 2951 eliud,
1137 2896 1220 2959 symbo-

210 2975 241 3018 81
259 2969 360 3017 corrodat
375 2984 423 3015 ana
437 2966 526 3034 fanus]
544 2968 622 3015 Funus
638 2977 674 3017 est

176 3060 262 3106 pompa
272 3042 428 3101 exequiarum,
435 3040 542 3088 dictuma
552 3042 673 3088 funalibus.

179 3118 271 3165 Etenim
281 3120 352 3161 noctu
362 3113 522 3171 efferebantur,
532 3120 628 3174 propter
639 3129 674 3159 sa·

178 3202 270 3236 crorum
280 3185 454 3232 celebrationem
466 3185 576 3232 diurnam.
601 3185 674 3232 Cara·

179 3263 215 3308 bat
223 3264 272 3306 atra
278 3256 366 3322 filaus]
384 3257 418 3303 Ut
428 3272 474 3303 non
486 3258 590 3317 potnerit
601 3256 623 3302 in
633 3272 675 3302 ex-

178 3332 253 3394 equiis
271 3329 352 3375 videre
371 3335 465 3388 patrem.
499 3327 605 3392 Interim]
627 3328 675 3374 De·

179 3403 274 3466 scriptio
284 3409 321 3449 est
330 3403 398 3461 bojas
409 3401 450 3456 rei,
458 3415 509 3461 quae
526 3401 555 3447 sd
566 3400 676 3447 narratio-

723 2974 767 3020 iam
778 2973 847 3027 dedit,
859 2971 958 3018 cenam.
975 2970 1007 3017 D.

733 3047 788 3094 '84
805 3042 859 3090 Tam
872 3041 924 3104 fert
937 3038 1099 3106 familiariter]
1125 3040 1152 3086 ld
1176 3049 1220 3098 est,

722 3114 832 3177 g'rariter.
853 3110 925 3161 ·Nan'r
942 3128 993 3174 qum
1010 3110 1076 3158 nobis
1089 3118 1142 3159 sunt
1155 3113 1221 3160 fami·

722 3188 797 3243 liaria,
814 3185 893 3248 gravia
908 3191 960 3232 sant
971 3184 1045 3230 animo
1056 3191 1143 3231 nostro.
1179 3184 1221 3231 Fa·

723 3258 855 3321 miliariter]
872 3257 946 3315 Quasi
956 3254 1089 3303 familiaris:
1106 3257 1220 3318 anpotius

723 3330 874 3379 familiariter.
892 3331 923 3377 D.
946 3342 950 3349 ’
1001 3344 1004 3347 ·

758 3402 835 3465 Hujus
845 3410 934 3450 morem
945 3400 1049 3467 canfen
1057 3399 1220 3465 familariter]

679 3500 682 3503 ·
725 3475 780 3523 Hoc
791 3480 833 3531 est,
845 3474 878 3521 sic
889 3474 953 3521 dolet
963 3480 988 3520 ut
998 3472 1124 3519 familiaris.
1141 3470 1169 3517 L.
1277 3518 1282 3529 ‚

187 3573 193 3612 ¹.
211 3545 404 3610 Curabatfrmus]
421 3545 454 3592 Ut
474 3546 513 3592 Gr.
528 3542 620 3607 arpaldo
642 3545 677 3592 sio
736 3603 739 3610 Ι
758 3544 853 3593 Mortem
854 3542 907 3609 sert
917 3541 1079 3609 familiariter]
1097 3542 1170 3600 Quasi
1186 3543 1220 3589 fa·

179 3612 246 3670 eliam
257 3622 322 3669 latin.
332 3633 414 3665 curare
424 3619 509 3666 eximie
518 3619 603 3667 dicitur
611 3621 635 3668 in
651 3638 677 3667 re
724 3618 819 3665 miliaria
830 3623 891 3664 esset
899 3617 957 3663 infra
966 3632 990 3662 v.
1007 3609 1061 3662 109.
1072 3614 1147 3674 rejecit
1163 3628 1185 3660 aa
1194 3615 1232 3665 in„

178 3693 267 3743 funebri
285 3692 357 3739 (trid.
377 3691 430 3737 fast.
450 3691 480 3736 V.
503 3693 559 3740 857.
579 3692 682 3752 displicet
724 3704 774 3736 eam
777 3688 837 3753 fleur
846 3703 910 3750 qnam
911 3685 1067 3751 familiariter.
1085 3685 1152 3755 lizi).
1178 3710 1182 3719 ν

178 3767 260 3815 heredi
277 3765 380 3812 mandati
399 3777 455 3810 cara
472 3762 588 3823 repalcbri.
610 3764 675 3811 Cart.
734 3774 739 3779 '
758 3763 789 3812 85
802 3759 862 3814 Quid
870 3758 966 3807 bicmibi
966 3754 1139 3823 facrctpatrrf]
1151 3754 1221 3813 Mitt,

180 3842 266 3888 X.10.
278 3838 422 3899 jararioorpua
440 3834 610 3881 Alexandriana
620 3851 677 3882 more
725 3834 788 3881 circa
806 3838 850 3879 me.
883 3833 915 3879 Et
933 3826 1054 3892 postquam
1075 3827 1220 3885 mar-dixu,

178 3925 258 3959 aurare
268 3909 317 3969 rid.
329 3908 385 3954 Era.
394 3906 422 3952 ad
431 3905 506 3953 Taoit.
519 3906 599 3953 birtor.
611 3907 641 3952 V.
651 3910 674 3955 5.
724 3906 816 3968 pondus
826 3904 906 3951 intulit
914 3900 1129 3965 nominimdioendo
1149 3904 1220 3962 patri.

180 3983 389 4041 Famrsmtpompa
400 3976 508 4042 fenebris
525 3986 549 4024 et
566 3976 677 4039 quiequid
725 3978 788 4032 aare
797 3977 834 4024 bic
843 3975 909 4040 mibi]
926 3976 987 4022 Vide
997 3988 1064 4038 qnam
1079 3982 1175 4022 venuste
1184 3989 1221 4021 re·

181 4057 208 4115 sd
228 4052 340 4114 exequias
361 4051 467 4114 pertinet.
494 4051 576 4097 Masil.
588 4053 608 4098 1.
617 4046 673 4100 aaa.
723 4048 818 4111 petierit
825 4050 871 4096 bic.
890 4050 920 4096 D.
963 4066 965 4071 ·

178 4131 269 4187 ¹eerr'erat
287 4122 383 4188 officiam
396 4122 474 4169 mordis
489 4129 512 4168 et
522 4120 611 4186 funera
627 4125 675 4170 des·
757 4121 819 4176 Qaid
833 4122 870 4169 bie
885 4119 941 4168 mibi
950 4120 1026 4186 faeiat
1041 4117 1115 4181 patri]
1138 4119 1220 4168 Cicero

180 4209 232 4246 rant
248 4197 373 4243 mortuirr.
390 4194 486 4255 interpr.
504 4195 675 4242 arbitrante.
724 4194 765 4240 lib.
777 4195 824 4243 IX.
842 4194 906 4256 Epis.
914 4194 971 4241 vn.
982 4192 1102 4241 masnil.
1120 4193 1147 4240 Is.

183 4271 266 4318 [154.
278 4270 309 4314 R.
319 4270 350 4315 D.
736 4282 740 4287 ’
760 4269 833 4327 Lego,
842 4268 895 4330 quid
903 4266 957 4313 mibi
969 4266 1010 4314 bia.
1028 4266 1058 4312 B.

178 3495 228 3525 nem
238 3476 338 3538 pertinet
350 3473 497 3533 superiorem.
516 3472 547 3518 D.

193 4338 614 4403 uarromnnqnamconlaeramaar]
625 4339 677 4387 lllis
759 4342 791 4388 86
808 4338 863 4386 Hac
880 4355 920 4403 ego
935 4338 1053 4402 putabam]
1081 4338 1219 4386 Putare‘est

181 4416 241 4479 enirn
259 4415 333 4475 magis
355 4429 424 4461 causa
445 4412 516 4461 flendi
535 4413 617 4469 fuerat,
629 4413 677 4474 qui,
727 4415 788 4475 ejus,-
800 4412 840 4473 qui
852 4410 998 4475 simplicitate
1014 4411 1115 4473 pectoris
1129 4410 1219 4457 aberra·
