2917 4950
257 461 310 521 rx.
477 451 660 522 vrcron
681 455 749 521 nn
770 438 1007 522 conmori

258 642 330 700 tium
350 632 521 701 edoceretur
539 641 707 702 Eunuchum
753 641 848 720 ldque
868 642 1005 731 observat
1022 605 1150 698 Donatus
1167 625 1244 719 prte-

257 737 366 797 fatione
378 739 408 796 in
417 737 600 810 Eunuchum,
611 738 729 798 tertium
743 737 850 797 editam
862 737 952 797 nurse
961 747 1028 816 post
1042 736 1243 816 Adelphorum

260 835 426 897 editionem
938 854 941 857 ·

694 1000 814 1012 ——nu

412 1147 450 1211 L.
487 1144 807 1251 ulcTORIS
846 1144 1088 1210 FAUS'l'l

617 1310 884 1365 DECOMOEDIA

667 1479 840 1521 LIBELLUS.

391 1622 439 1669 Sim
450 1620 528 1669 brevio
539 1637 611 1683 usqne
620 1621 676 1669 licat
685 1628 789 1669 veterum
799 1621 829 1669 do
839 1636 902 1669 moro
911 1621 1012 1677 libellus,

421 1703 506 1763 Meque
514 1717 580 1749 suum
588 1702 707 1764 quisquam
717 1709 815 1764 nequeat
825 1717 927 1749 asserere
935 1719 941 1748 :

391 1784 442 1830 Neo
450 1782 524 1829 triviis
534 1782 625 1845 volgata
634 1784 712 1838 leram,
723 1777 861 1843 deoesptavo
868 1782 961 1843 passim,

421 1863 471 1909 Neo
481 1862 577 1923 proinde
589 1863 647 1909 elata
656 1865 731 1910 fronte
741 1866 855 1924 superbus
863 1879 928 1909 earn:

390 1946 497 1991 Attamen
508 1943 625 2003 egregium
635 1943 691 1989 nihil
703 1945 811 2004 undique,
822 1948 846 1989 et
857 1943 956 2004 undique
969 1949 1054 1989 tersum
1064 1949 1108 1988 eat.

422 2023 481 2068 Nam
493 2023 554 2082 quod
565 2022 661 2078 miraris,
671 2012 732 2069 ridet
742 2023 765 2069 id
777 2024 835 2070 alter
845 2038 910 2084 opus.

274 2214 279 2220 ‹
305 2175 441 2259 Editurua
465 2194 522 2253 ego
544 2174 674 2235 libellum
690 2176 735 2249 lde
756 2174 860 2256 triplici
880 2174 1090 2235 Comoediarum
1108 2173 1247 2248 sectione,

211 2346 219 2357 ⁸
268 2268 478 2332 Trivisanorum
493 2271 593 2343 decus,
603 2272 732 2343 Andrea,
747 2271 807 2363 tihi,
818 2291 979 2352 quanquam
992 2281 1174 2350 praetextato,
1185 2291 1250 2329 mu·

267 2370 439 2429 nundinare
464 2369 588 2428 decrevi.
639 2369 708 2428 Non
731 2369 867 2449 equidem
894 2369 1090 2433 admiratione
1108 2369 1263 2427 bonorum·

268 2466 397 2547 corporis
411 2477 460 2525 aut
474 2466 607 2539 fortunae,
627 2487 685 2545 qua
697 2465 798 2526 merito
817 2464 948 2524 Venetiis
962 2475 992 2524 et
1010 2465 1039 2522 in
1060 2464 1134 2524 adeo
1149 2465 1248 2525 excel·

268 2566 336 2626 lenti
348 2563 456 2636 familia
468 2582 688 2623 veneraremur:
708 2564 762 2623 sed
781 2560 915 2640 quoniam
935 2561 1052 2639 ingenio
1070 2572 1100 2620 te
1114 2561 1249 2639 singulari

268 2662 482 2722 adolescentem
504 2658 601 2717 multis
625 2659 799 2737 jampridem
822 2658 932 2717 indiciis
958 2658 1019 2736 ipse
1047 2675 1270 2737 cognoveram«
1323 2697 1327 2702 ,

268 2757 387 2817 Etenim
399 2775 477 2825 vere,
492 2754 571 2834 quod
585 2754 622 2812 de
640 2774 672 2813 se
688 2755 819 2829 jactabat
837 2755 1051 2832 Hermogenes,
1066 2764 1183 2813 aetatem
1196 2754 1250 2813 vir·

266 2854 385 2923 tutibus,
399 2851 477 2914 haud
497 2850 594 2909 indole
615 2851 784 2930 praevenisti.
826 2852 974 2916 Quocirca
991 2851 1099 2909 nemini
1118 2852 1251 2911 videatur

268 2951 401 3019 alienum,
424 2948 448 3005 si
467 2946 545 3025 quod
564 2949 601 3005 ab
621 2946 739 3025 ingenio
758 2949 959 3028 proficiscitur,
974 2948 1089 3025 ingenio
1102 2946 1250 3026 praestanti

268 3043 488 3112 adolescentulo
497 3055 686 3123 nuncupatur.
728 3045 877 3105 Caeterum
884 3045 1006 3104 arbitror
1015 3064 1063 3104 me
1074 3044 1155 3116 meis,
1167 3054 1251 3123 quot·

268 3152 338 3221 quot
360 3150 514 3219 potuerunt
539 3140 660 3211 intendi,
682 3141 789 3201 viribus
817 3153 1049 3214 consecuturum,
1069 3161 1106 3201 ue
1127 3142 1251 3221 amplius

270 3237 341 3318 quid
353 3256 459 3313 novum
478 3213 533 3294 aui
544 3248 637 3306 vetus,
660 3237 765 3315 quidve
784 3237 919 3308 medium,
941 3249 971 3305 et
991 3258 1043 3298 cur
1058 3238 1088 3296 in
1103 3239 1254 3298 Comoedia

270 3336 391 3402 dicatur,
406 3332 479 3390 ullus
489 3331 612 3408 ignoret.
646 3333 734 3398 Quod
743 3334 883 3393 hactenus
896 3334 943 3393 vel
957 3336 1091 3393 omissum
1102 3333 1253 3405 aLatinis,

269 3430 316 3491 vcl
329 3429 467 3489 abolitum
477 3438 619 3502 vetustate
630 3429 727 3487 secula
739 3442 837 3490 nostra
846 3431 1053 3490 desiderarunt
1083 3430 1181 3489 Multa
1191 3428 1253 3509 qui·

271 3515 470 3605 demegregie
484 3524 628 3596 Donatus,
645 3524 737 3585 multa
748 3526 916 3607 Diomedes,
931 3540 961 3587 et
973 3528 1048 3586 adeo
1061 3527 1143 3587 bonis
1161 3525 1255 3606 auspi-

268 3626 324 3684 ciis
337 3622 529 3704 protrdorunt,
544 3632 578 3680 ut
591 3640 627 3680 ea
640 3624 816 3699 grammatici
824 3624 930 3702 passim
940 3624 969 3682 in
980 3644 1033 3683 sua
1043 3622 1251 3685 transcribant:

269 3722 323 3781 sed
344 3731 441 3780 tamen
461 3720 520 3778 huc
543 3718 594 3777 illa
612 3737 713 3797 parum
736 3718 880 3792 videntur,
899 3720 985 3778 immo
1005 3721 1089 3792 nihil·
1097 3721 1254 3799 pertinere.

272 3817 414 3884 Quoedam
426 3813 512 3892 igitur
528 3833 546 3873 a
560 3813 672 3871 Graecis
686 3815 849 3879 auctoribus
862 3826 893 3874 et
906 3815 1017 3875 Latinis
1029 3815 1254 3896 haudquaquam

268 3911 439 3973 nominatim
458 3921 643 3989 pertractata,
666 3928 766 3968 verum
793 3913 885 3971 obiter
913 3912 1034 3972 disserta
1065 3913 1255 3991 collegimus:

272 4010 405 4090 qusedam
424 4007 476 4086 ipsi
501 4006 611 4066 collatis
633 4007 707 4065 inter
731 4026 762 4066 se
782 4008 879 4067 multis
900 4009 1051 4081 elicienda,
1072 4028 1108 4068 ac
1127 4009 1256 4069 breviter

264 4104 434 4167 curavimus
458 4097 630 4171 annotanda,
653 4124 718 4183 quae
741 4103 793 4163 tibi
816 4124 910 4184 pauca
931 4126 1036 4185 parvus
1056 4126 1114 4185 ego
1139 4105 1253 4174 devovi,

270 4200 390 4283 perinde
400 4209 486 4278 atque
500 4220 580 4260 suam
594 4200 767 4279 virgilianus
779 4201 828 4264 ille
842 4201 1038 4265 Micondianae
1052 4197 1270 4269 Venationem.'

272 4300 406 4360 Fatemur
419 4296 539 4357 enimet
553 4317 652 4357 eorum
667 4317 731 4377 quae
748 4316 801 4356 nos
819 4298 935 4360 minime
948 4293 1152 4377 praeterierint,
1165 4296 1256 4355 subti-

273 4394 366 4461 enirn
386 4393 543 4473 compluta.
584 4395 652 4455 dam
671 4394 769 4474 itaque
791 4403 916 4454 normam
934 4395 1077 4455 hactenus
1098 4392 1257 4472 obligatam
