2917 4950
26 494 28 563 p
517 444 581 508 DE
609 442 857 510 THEATRO,
1084 446 1169 508 lxxxv

26 568 27 613 i
232 591 235 599 .

26 618 27 657 i
187 625 377 691 emundenun
390 625 488 699 fuisse,
506 627 531 688 si
547 625 665 706 quaudo
681 623 810 705 pugilum
823 624 899 684 ludis
909 643 998 686 erens
1014 642 1172 709 oonspem

190 722 344 788 rideretur.
383 723 545 784 Novissime
557 734 656 791 autern
673 723 753 803 epud
766 722 915 807 Romanos
930 722 1078 782 orchestra
1088 743 1171 784 sene·
1194 786 1200 793 ,

192 823 299 883 toribus
312 821 408 882 diceto
419 820 484 892 fuit,
498 820 529 878 in
541 839 599 901 qus
610 818 893 880 bonorificentiomm
903 827 986 878 erent
998 818 1180 898 locadesigq
1221 820 1223 832 “

192 927 270 991 nete,
290 929 409 998 propter
429 916 681 977 commoditatem:
692 924 736 974 ut
750 913 829 987 inde,
848 933 906 972 non
924 913 1018 973 solum
1036 914 1127 974 rerba
1142 924 1174 975 et
1195 980 1199 985 ,

193 1026 301 1095 gerbis,-
313 1014 367 1074 sed
376 1013 465 1073 etiem
473 1012 581 1092 pedum
590 1010 741 1083 motiones,
751 1021 783 1070 et
791 1009 838 1070 rel
847 1008 963 1069 minima
971 1029 1095 1089 quaque
1104 1029 1173 1070 con·
1192 1087 1201 1095 ι,

191 1108 353 1188 spicercut:
369 1109 515 1190 proximus
533 1107 609 1168 enim
628 1108 677 1168 bic
694 1108 799 1187 gradus
817 1114 880 1166 eret
891 1105 1002 1185 pulpito
1014 1125 1120 1179 scenae,
1133 1105 1172 1167 de

192 1193 275 1283 cujus
287 1206 496 1287 compositione
508 1225 578 1266 mox
591 1205 749 1267 dicendum
762 1217 819 1264 est.

282 1398 286 1403 '
379 1395 486 1458 roseo
498 1405 527 1457 ct
537 1398 699 1460 matructio
711 1415 795 1460 uero
806 1399 836 1459 in
851 1396 976 1460 rnen.

156 1600 162 1607 ·
231 1579 313 1640 Ante
324 1579 480 1656 theatrum,
497 1601 553 1661 ceu
567 1583 648 1646 frons
667 1580 801 1662 quedem
817 1580 916 1661 ipsius,
936 1598 1025 1642 scene
1041 1578 1173 1660 opposite
1270 1615 1274 1633 ι

188 1673 254 1748 fuit,
267 1697 322 1756 pro
334 1696 366 1738 rc
379 1688 448 1739 nete
460 1690 492 1739 et
507 1681 621 1758 egendo
633 1678 779 1741 comoedie
788 1689 838 1738 eut
855 1668 996 1756 tragedia
1008 1684 1171 1741 exstructa:
1192 1734 1195 1739 .

184 1789 250 1855 uno
262 1784 314 1833 eut
332 1774 424 1835 altero
439 1778 551 1835 munim
568 1775 617 1835 die
636 1775 699 1836 usui
714 1775 831 1837 future:
851 1773 904 1833 nisi
920 1773 1042 1833 fortasse
1059 1771 1172 1850 ligneus

190 1880 346 1947 eppmtm
355 1871 387 1930 ia
396 1869 511 1951 aliquot
523 1871 586 1931 dies
598 1870 794 1951 proferretur..
816 1867 893 1928 Nem
906 1869 944 1931 de
956 1867 1051 1931 scenis
1064 1877 1178 1949 sumtu-¹

190 1963 257 2032 osis,
271 1975 302 2035 ct
314 1975 420 2041 proeter
432 1967 670 2029 cosuetudinem
680 1984 771 2042 cupre
782 1965 899 2023 modum
907 1964 1116 2023 luxuriantibus
1125 1962 1174 2023 hic

192 2078 248 2117 non
257 2056 450 2136 intelligimus.
469 2058 514 2116 'In
524 2057 602 2116 bunc
611 2059 841 2118 eutemmcdum
852 2058 1071 2138 dispositeeret,
1084 2078 1175 2137 quen·

192 2164 254 2213 tum
272 2173 335 2232 ego.
350 2155 518 2230 conjectura
532 2152 648 2232 assequi
667 2173 795 2233 possum.
835 2153 921 2214 Scene
936 2153 1174 2234 binispluribus·
1201 2210 1203 2215 ,

189 2270 248 2329 qne
255 2249 513 2328 contiguee'onibus
521 2260 574 2309 aut
583 2250 871 2321 contabulationibes,
880 2250 905 2309 si
914 2250 1013 2322 rueris,
1025 2261 1175 2313 escures

191 2347 266 2407 fuitr
286 2345 752 2426 circaqusssinguleambulaere,
763 2346 950 2425 eutporticus
961 2347 1174 2426 eolrrmnisplu·

194 2442 272 2506 ribue
284 2441 426 2504 distincte
437 2443 617 2505 videbantur.
658 2441 755 2523 Atque
768 2461 805 2503 ee
816 2443 897 2504 fmus
914 2461 1013 2504 scene
1031 2443 1175 2523 appellate

194 2541 258 2603 fuit.
289 2542 334 2611 ‚In
347 2541 501 2617 cujuslibet
513 2535 733 2620 contignationis
741 2538 929 2619 frontispicio,
942 2539 1019 2619 quod
1031 2540 1175 2600 theatrum

193 2637 377 2717 respiciebat,
389 2648 483 2716 portae
494 2637 722 2717 ingeniosissime
740 2635 862 2715 depictss
879 2646 910 2694 et
923 2635 1017 2695 exitus
1029 2636 1099 2694 varii
1110 2636 1174 2696 fue·

194 2744 270 2813 runt,
284 2735 313 2815 in
332 2732 434 2812 quibus
447 2734 605 2813 presertim
619 2733 798 2813 superiorum
811 2731 1066 2809 contignationem,
1079 2730 1173 2802 Mimi,

193 2830 394 2912 Mirmillones,
409 2841 440 2890 et
453 2832 552 2893 coeteri
563 2831 653 2891 Ludii
665 2828 759 2889 varios
772 2839 869 2907 gestus
881 2846 923 2888 ac
942 2828 1174 2906 gesticulationes

193 2926 331 2999 edebant,
346 2927 424 3002 unde
442 2929 538 2988 moen
556 2927 672 3007 proprie
685 2925 767 2984 dicti.
808 2925 910 2983 Ctorre
922 2924 1018 2997 etiem,
1032 2944 1175 2985 messen-

193 3023 295 3097 tentie,
310 3023 340 3083 in
357 3023 392 3084 iis
408 3023 603 3102 superioribus
621 3021 882 3101 contignationibus
899 3020 1088 3092 referebatur,
1106 3021 1175 3084 dum

194 3128 346 3197 egerentur
355 3120 516 3197 tregrediae,
531 3119 584 3178 nisi
596 3119 695 3188 meris,
706 3129 773 3197 post
786 3136 902 3177 scenam
914 3117 946 3176 in
954 3118 1021 3179 loco
1031 3117 1176 3180 destinate

193 3214 282 3276 fiisse
302 3215 432 3286 chorum,
445 3226 477 3276 et
490 3226 624 3284 cantores
644 3235 681 3275 ec
698 3215 841 3286 tibicines,
862 3214 912 3294 qui
928 3215 1010 3284 locus
1028 3217 1130 3287 odeum
1143 3227 1177 3276 ut

194 3322 275 3389 puto,
290 3311 328 3370 ob
338 3311 369 3370 id
380 3313 540 3371 nocebatur
549 3332 568 3371 a
578 3310 719 3372 cantibus.
751 3311 851 3396 Sedin
862 3311 898 3371 iis'
911 3328 1027 3391 quoque
1037 3312 1111 3372 locis
1125 3312 1177 3372 fie-

195 3407 308 3467 bent'et
320 3407 490 3467 nebularum
503 3407 610 3478 icones,
622 3420 653 3468 et
666 3408 789 3467 deorum
801 3408 968 3476 descensus,
982 3420 1013 3467 et
1025 3419 1133 3467 caetere
1145 3408 1177 3467 id

197 3522 297 3579 genus,
308 3502 346 3562 ed
358 3523 477 3582 magnes
491 3514 521 3563 et
531 3515 692 3565 sumtuoses
705 3503 859 3563 couroedias
872 3515 950 3582 epte.
983 3502 1128 3563 Existimo
1136 3512 1178 3563 te·

196 3617 263 3656 men
275 3599 304 3680 in
316 3600 418 3659 humili
431 3600 572 3659 comoedia
588 3619 647 3659 non
662 3598 753 3661 fuisse
770 3611 882 3660 tentum
895 3609 1073 3677 apperetum.
1113 3597 1177 3662 Ime

195 3712 290 3753 scenae
303 3696 482 3775 contignatio
501 3697 739 3776 prominentiores
756 3694 1072 3780 exerebst‘coiumnen
1088 3691 1194 3752 veluti

195 3789 321 3867 porticus
335 3792 475 3869 quasdem
488 3791 605 3852 latiores
619 3794 674 3854 sub
687 3792 791 3871 quibus
803 3793 908 3852 cesule
921 3788 952 3852 et
964 3791 1073 3852 rustice
1086 3792 1177 3851 domi-
1292 3829 1299 3844 ε

195 3886 261 3946 oilie
272 3887 301 3945 in
319 3887 400 3947 novis
417 3888 576 3969 cornoediis,
598 3889 683 3949 variis
702 3910 800 3949 scenos
819 3889 890 3948 locis
908 3897 1071 3948 constructe
1083 3897 1175 3960 erent,

193 3984 279 4042 urbes
291 4002 418 4061 queque,
434 3994 464 4042 et
475 3982 540 4044 loce
552 3985 739 4045 remotissime
751 3984 953 4046 referebantur
965 3984 999 4043 in
1009 3985 1175 4066 tregoediis:

194 4079 329 4157 equibus
341 4079 496 4157 prodibant
508 4089 638 4158 actores,
651 4090 682 4139 et
699 4081 768 4140 illuc
786 4083 901 4161 quoque
913 4100 946 4141 se
959 4073 1124 4164 referebant
1137 4082 1177 4142 ed

193 4184 317 4255 ternpus.
356 4176 393 4234 In
406 4176 509 4235 eedem
521 4195 617 4237 scene
629 4186 712 4255 perte
722 4177 959 4248 excitetumfuit,
974 4177 1054 4257 quod
1067 4179 1177 4254 pedisse
1203 4183 1219 4260 J

190 4272 378 4360 appellabant
391 4272 457 4352 (etsi
466 4272 620 4352 podiumin
630 4271 769 4338 columnis
775 4274 808 4332 id
814 4269 1088 4353 significmesoieet,
1096 4274 1176 4355 quod

74 4369 76 4380 '
193 4367 452 4459 vocenttpetaste)
473 4367 550 4430 circe
570 4368 707 4437 secunde
726 4368 856 4449 porticus
884 4357 1010 4430 medium
1022 4370 1174 4449 promine-
1202 4429 1206 4449 ἶ

191 4463 250 4536 bet,
262 4467 301 4527 ne
314 4475 433 4549 noceret
450 4466 602 4528 actoribus.
643 4467 739 4528 Breve
754 4487 870 4547 quoque
885 4467 949 4541 fuit,
968 4478 999 4529 et
1015 4484 1174 4546 peucorum
