2917 4950
499 1099 715 1161 IDIOMATA
744 1100 1055 1166 PERSONARUM.

730 1356 839 1370 m

292 1547 423 1625 Antipho,
437 1550 518 1629 quod
542 1551 646 1614 obrius
667 1563 816 1634 appareat.
848 1553 967 1626 Clloerea,
981 1572 1001 1612 n
1013 1549 1139 1631 gaudio:
1166 1550 1292 1632 ephebus

252 1651 291 1713 ad
313 1653 426 1734 quidvis
449 1657 560 1731 audax,
582 1659 758 1741 incogitana,
783 1672 814 1722 et
832 1660 1009 1742 impotenter
1029 1678 1138 1719 amane.
1160 1658 1291 1731 Chremes,

250 1762 422 1824 adolescens
435 1763 496 1823 ruri
516 1765 669 1839 educatus,
691 1787 787 1849 eoque
801 1767 927 1828 civilium
939 1766 1144 1827 blanditiarum
1156 1764 1291 1836 insulem,

252 1875 283 1926 et
295 1866 398 1927 artium
410 1868 572 1949 imperitus.
613 1871 727 1945 Dorias,
751 1873 789 1934 ab
801 1872 896 1946 hasta,
914 1873 996 1952 quod
1013 1871 1044 1930 in
1057 1870 1136 1931 bello
1149 1881 1236 1951 capta
1247 1870 1293 1930 ait.

252 1970 359 2044 Domo,
381 1973 461 2050 quod
482 1972 560 2035 dono
581 1976 713 2035 mittatur
737 1976 854 2039 Thaidi.
896 1977 1015 2047 Gnatho,
1037 1974 1244 2049 mandibula,
1258 1986 1294 2052 ‚ut

251 2073 338 2168 edan.
379 2073 512 2155 Fingitur
525 2089 686 2141 assentator
699 2090 730 2139 et
742 2081 872 2141 callidus.
906 2080 1020 2154 Lacler,
1039 2080 1220 2142 asomiendo
1232 2080 1293 2144 sive

252 2179 290 2238 ab
303 2177 483 2241 intendendo
504 2184 648 2245 actionem
668 2184 847 2264 injuriarum,
871 2185 935 2264 pius
955 2185 985 2245 in
998 2185 1074 2245 filios
1088 2194 1118 2245 et
1129 2185 1295 2247 vehementi

249 2287 377 2369 ingenio.
426 2289 569 2361 Pamreno,
589 2289 670 2370 quod
683 2290 788 2351 sedulo
801 2290 876 2350 adsit
901 2290 1019 2351 domino
1040 2310 1103 2362 suo,
1128 2289 1249 2351 callidus
1260 2301 1295 2370 pt

251 2413 319 2455 osor
331 2392 526 2457 meretricum.
567 2395 703 2468 Plaedn'a,
727 2397 766 2457 ob
778 2395 923 2457 hilaritate
936 2415 1057 2469 morum,
1073 2395 1212 2456 cordatus
1226 2397 1295 2458 ado

249 2503 375 2575 lesceur,
396 2512 508 2564 etcum
524 2502 627 2563 morlia
644 2520 699 2563 suo
711 2522 856 2583 pugnans.
900 2502 1024 2582 Pythias,
1045 2502 1083 2561 ob
1093 2502 1290 2575 calliditatem,

248 2619 301 2669 aut
321 2608 403 2691 quod
426 2606 524 2671 omnia
536 2617 733 2689 percontetur.
760 2606 865 2688 Sango,
887 2586 1018 2679 aodrro,
1038 2606 1097 2667 hoc
1112 2617 1167 2678 ert,
1180 2627 1199 2666 a
1212 2625 1290 2677 comq

250 2713 391 2795 ponendis
404 2712 524 2774 carcinio
539 2712 635 2773 dictur
647 2712 773 2776 ridetur.
816 2713 946 2793 Fingitur
965 2712 1038 2773 liber
1052 2731 1088 2772 ac
1102 2713 1211 2773 domini
1223 2732 1290 2773 con·

249 2831 367 2892 temtor,
387 2820 489 2899 quales
510 2817 572 2879 fere
594 2818 690 2898 coqui.
725 2819 875 2897 Sophrona,
899 2837 919 2878 a
931 2817 1122 2897 temperantia
1135 2826 1166 2877 et
1179 2837 1288 2877 morum

248 2926 425 3006 frugalitate.
469 2925 562 2998 Their,
587 2942 731 3004 uparone
746 2924 860 2985 videtur
880 2924 968 2995 dicta,
994 2923 1095 2983 addita
1107 2923 1288 3003 aspiratione.

250 3031 403 3091 inducitur
426 3030 548 3090 cordata
561 3041 591 3090 et
606 3029 707 3103 civilis,
729 3040 760 3091 et
772 3031 846 3092 inter
859 3030 1027 3093 meretrice·
1040 3031 1139 3111 probis
1153 3033 1287 3092 moribus.

252 3140 366 3211 Thraso,
381 3157 399 3196 a
412 3135 599 3198 confidentia.
630 3137 763 3217 Pingitur
776 3137 897 3199 rtolidua
911 3149 942 3199 et
953 3156 1100 3217 arrogans.
