2917 4950
490 446 741 517 ursanum
756 448 885 513 vm.
1135 456 1187 515 'rod

193 636 222 695 ia
233 654 337 694 sernum
350 635 457 694 detulit.
498 635 603 714 Nepos
615 620 737 695 auctore
751 646 840 695 certo
847 632 1135 715 amputante-ait,
1150 637 1187 696 6.

163 714 169 731 ’
192 733 314 807 aarum
328 732 475 811 quonam
488 732 518 793 ru
532 733 697 792 nutarem
718 732 798 792 usi.
819 732 936 792 Maron
955 733 1137 792 sommium
1148 735 1190 793 aa
1224 803 1228 810 ,

193 834 293 902 uxore,
307 815 465 908 teniporins
480 840 514 889 nt
528 829 735 902 discumberet,
746 831 862 909 petiisse
876 831 913 890 ab
927 850 963 890 ea
975 850 1016 890 ne
1022 830 1189 910 interpella-

193 932 292 988 retur:
311 927 534 1012 serius-tandem
547 928 711 1006 ingrccnun
725 929 880 987 uicinum
900 928 1023 999 dixisw,
1037 946 1100 987 non
1110 946 1189 1006 saepe
1213 977 1216 981 .

193 1026 392 1085 inscribendo
406 1024 503 1104 magis
512 1025 688 1085 successisse
695 1022 760 1084 sibi.
774 1026 879 1085 deinde
888 1033 1069 1104 rogstnm'ut
1079 1025 1191 1103 scripta

192 1122 243 1181 illa
264 1121 417 1201 proferret,
439 1122 645 1201 pronunciasse
670 1143 779 1196 versus,
803 1124 852 1202 qui
873 1125 990 1183 suntin
1011 1123 1190 1183 Heautonti-

193 1239 374 1290 morumeno,

320 1389 383 1460 Satis
393 1412 433 1473 pol
445 1378 553 1472 priterve
564 1426 601 1457 me
612 1410 665 1471 Syri
675 1410 790 1470 promissa
800 1411 846 1456 huc
856 1411 1004 1457 induxerunt.

234 1614 340 1674 Santra
350 1611 520 1673 Terentium
535 1609 691 1684 existimat,
704 1611 728 1671 si
742 1612 831 1672 modo
844 1612 874 1670 in
885 1612 1039 1672 scribendo
1053 1611 1190 1691 adjutori·
1244 1630 1247 1635 ’

191 1713 247 1771 bus
260 1711 426 1788 indiguerit,
447 1730 506 1773 non
526 1719 586 1767 tam
606 1708 740 1787 Scipione
762 1720 792 1768 et
813 1710 904 1767 Laelio
919 1711 961 1767 uti
981 1711 1120 1788 potuisse,
1142 1711 1192 1789 qui
1277 1716 1281 1738 '

191 1819 263 1868 tunc
287 1807 498 1868 adolescentuli
519 1806 622 1865 fuere:
644 1825 732 1885 quarn
757 1806 792 1865 C.
819 1804 941 1884 Sulpitio
964 1806 1052 1865 Gallo
1074 1805 1191 1867 homine

191 1905 291 1976 docto,
312 1888 359 1963 ²et
374 1904 423 1982 qui
445 1903 642 1964 consularibus
666 1903 747 1962 ludis¹
768 1903 880 1960 initium
902 1903 1005 1963 fecerit
1027 1903 1191 1963 fabularum

191 2002 373 2086 dandarum:
395 2003 442 2061 vel
463 2005 513 2069 Q..
524 2002 614 2062 Fabio
634 2002 785 2071 Labeone,
806 2010 836 2058 et
849 2001 897 2060 M.
911 1999 1034 2081 Popilio,
1050 2001 1193 2060 consulari

190 2110 327 2178 utroque,
349 2118 383 2159 ac
396 2109 495 2179 poeta.
536 2099 610 2158 Ideo
624 2098 720 2178 ipsum
734 2117 792 2156 non
803 2100 926 2175 juvenes
946 2096 1123 2179 designasse,
1143 2097 1193 2176 qui

190 2216 221 2255 se
243 2196 389 2273 adjuvisse
414 2196 601 2255 dicerentur:
628 2196 683 2254 sed
700 2196 787 2266 viros,
813 2216 935 2274 quorum
960 2198 1088 2274 operam,
1110 2194 1192 2254 etin

190 2292 282 2364 bello,
305 2293 378 2351 etin
398 2292 470 2363 oti0,
493 2303 523 2359 et
540 2292 705 2370 inpegotio
723 2292 849 2371 populus
870 2291 907 2351 sit
929 2303 1076 2370 expertus.
1118 2292 1192 2350 Post
1247 2327 1251 2343 ι
1347 2267 1353 2274 ⁸

191 2390 287 2449 editas
300 2389 458 2448 comoedias
472 2389 602 2448 noudum
612 2389 746 2467 qrrintum
759 2401 849 2468 atque
859 2389 1041 2467 trigesimum
1055 2409 1189 2467 egressus

191 2508 312 2559 annum,
334 2507 423 2547 causa
436 2488 578 2567 evitandae
593 2487 747 2567 opinioniS,
768 2488 836 2565 quia
855 2487 1010 2546 videbatur
1027 2487 1122 2546 aliena
1139 2507 1192 2565 pro

192 2587 252 2645 suis
275 2584 380 2644 edere:
405 2605 458 2643 seu
478 2584 657 2663 percipiendi
679 2583 850 2643 Graecorum
873 2583 1005 2641 instituta
1026 2602 1190 2663 moresque,

193 2704 268 2764 quos
295 2682 417 2764 perinde
441 2681 619 2760 exprimeret
645 2681 676 2738 in
700 2682 823 2761 scriptis,
855 2701 989 2759 egressus
1010 2681 1113 2740 urbem
1136 2691 1192 2753 est,

193 2801 292 2861 neque
308 2779 431 2859 amplius
445 2778 539 2837 rediit.
574 2777 732 2838 nemone
746 2767 975 2853 ejustVolcaiius
989 2777 1097 2837 tradit:

291 2980 296 2984 “
357 2983 404 3031 Sed
416 2988 441 3030 ut
451 2981 507 3028 Afer
517 2996 561 3029 sax
568 2981 656 3042 populo
669 2981 735 3029 dedit
741 2980 881 3038 comoedias,

357 3066 406 3114 lter
415 3065 469 3111 hinc
478 3064 504 3110 in
514 3061 596 3111 Asiam
607 3063 671 3111 iecit.
704 3064 802 3112 ¹⁰narim
812 3079 866 3111 cant
876 3064 949 3112 renel

357 3145 504 3203 Conscendit,
520 3146 587 3194 tim
595 3157 710 3208 nunquan
719 3153 764 3194 est.
780 3144 817 3192 rio
827 3145 877 3193 vita
888 3152 963 3195 vacat

236 3357 256 3389 ¹1
270 3341 309 3406 Q.
330 3339 491 3399 Cosconius
505 3337 676 3398 redeuntem
692 3357 710 3397 a
724 3338 842 3397 Graecia
853 3335 974 3417 periisse
991 3334 1023 3393 in
1036 3335 1109 3396 mari
1123 3336 1195 3396 dicit

192 3456 263 3496 curn
277 3445 394 3522 centurn
412 3445 442 3495 et
455 3446 524 3495 octo
536 3435 652 3509 fabulis,
666 3436 812 3499 conversis
826 3455 845 3494 a
858 3433 1033 3495 Menandro.
1086 3429 1194 3496 caeoeri

195 3544 363 3618 ”munuum
374 3552 438 3594 esse
448 3533 479 3590 in
488 3533 626 3593 Arcadiae
637 3532 818 3618 Stymphalo,
830 3532 890 3592 sive
901 3532 1054 3628 Leucadia
1064 3532 1192 3603 tradunt,

197 3631 256 3694 Cn.
280 3629 417 3708 Cornelio
438 3630 605 3703 Dolabella,
627 3631 676 3690 M.
693 3630 795 3689 Fulvio
825 3630 966 3690 nobiliore
988 3630 1070 3721 Coss.
1091 3628 1194 3690 morbo

229 3871 247 3915 8
265 3866 373 3915 Kalendis
389 3867 490 3932 Martiis]
509 3867 571 3926 Quia
585 3869 629 3914 hoo
643 3865 683 3913 dio
708 3880 767 3917 mus,
789 3851 852 3925 vul'g.
868 3865 977 3911 hactenus
996 3862 1041 3910 fuit
1060 3863 1196 3913 Cumanam.
1246 3874 1251 3886 ·

89 3979 91 3988 ,
194 3948 296 3994 regnum
306 3939 462 3979 matronarum
470 3941 525 3980 erat.
541 3961 544 3974 ι
558 3932 613 3980 Far.
710 3930 848 3977 Cosconium
856 3929 1135 3990 incantamenta}
1144 3932 1195 3978 Lat.

231 4001 248 4045 9
267 3996 296 4043 Et
310 4000 348 4058 pui
358 3998 520 4060 consularibus]
538 3999 584 4044 Ms.
597 4000 625 4044 R.
639 3996 684 4043 Gu-
707 3994 787 4044 linv.
821 3996 849 4040 In

188 4063 401 4122 jrucoosalnn'bus.
419 4065 448 4109 L.
466 4064 573 4109 Muretus
591 4062 685 4123 conjicit
743 4062 775 4106 19
792 4058 911 4106 Mortuma
922 4073 964 4107 csse
975 4057 1125 4120 irrAwodic]
1147 4058 1197 4105 Alii

197 4123 345 4174 Cormaslibus
359 4127 428 4175 ludit.-
440 4128 480 4174 sed
493 4128 567 4175 Faber
580 4126 685 4188 vultlcgi
710 4125 736 4171 in
748 4124 1049 4187 Arcadia—Stymphalidos.
1081 4124 1197 4171 Ausonius

195 4191 332 4238 &realibua
365 4193 393 4239 Z.
710 4190 741 4237 ad
751 4189 861 4252 Ursulum
873 4190 901 4235 de
913 4189 1004 4235 aeonio
1013 4201 1122 4234 numero:
1140 4187 1197 4238 Pto-

230 4260 266 4301 10
283 4254 422 4306 Nuoimcam
432 4256 563 4320 remelffls·
572 4256 686 4306 Danielis.
710 4255 807 4301 tulitin
823 4269 911 4301 mnam
924 4263 977 4317 quot
988 4252 1197 4319 drannatcfcdsllc·

196 4317 285 4367 Naoim
294 4322 400 4368 ottoniel.
432 4323 461 4367 L.
495 4367 502 4380 ,
679 4349 681 4352 v
710 4334 771 4376 rum,
787 4318 970 4368 Amodiaemdio
986 4321 1025 4382 qui
1032 4321 1097 4381 jacet
1106 4321 1132 4366 in
1146 4332 1197 4381 gre·

231 4387 264 4430 11
284 4385 538 4450 QucoocouiusJItaax
546 4386 687 4435 Menodidi·
710 4386 762 4433 mio.
796 4386 824 4433 L.
