<?xml version="1.0" encoding="UTF-8"?>
<!DOCTYPE html PUBLIC "-//W3C//DTD XHTML 1.0 Transitional//EN"
    "http://www.w3.org/TR/xhtml1/DTD/xhtml1-transitional.dtd">
<html xmlns="http://www.w3.org/1999/xhtml" xml:lang="en" lang="en">
 <head>
  <title>
</title>
<meta http-equiv="Content-Type" content="text/html;charset=utf-8" />
  <meta name='ocr-system' content='tesseract 3.04.00' />
  <meta name='ocr-capabilities' content='ocr_page ocr_carea ocr_par ocr_line ocrx_word'/>
</head>
<body>
  <div class='ocr_page' id='page_1' title='image "./pterentiicartha00unkngoog_0085.png"; bbox 0 0 2917 4950; ppageno 0'>
   <div class='ocr_carea' id='block_1_1' title="bbox 393 428 1176 515">
    <p class='ocr_par' dir='ltr' id='par_1_1' title="bbox 393 428 1176 515">
     <span class='ocr_line' id='line_1_1' title="bbox 393 428 1176 515; baseline 0.001 -23"><span class='ocrx_word' id='word_1_1' title='bbox 393 430 576 494; x_wconf 84' lang='lat' dir='ltr'><strong>v1cuon</strong></span> <span class='ocrx_word' id='word_1_2' title='bbox 611 432 674 495; x_wconf 83' lang='lat' dir='ltr'><strong>on</strong></span> <span class='ocrx_word' id='word_1_3' title='bbox 708 428 978 515; x_wconf 32' lang='lat' dir='ltr'><strong>conmori..</strong></span> <span class='ocrx_word' id='word_1_4' title='bbox 1117 433 1176 493; x_wconf 68' lang='lat' dir='ltr'><strong>uxi</strong></span> 
     </span>
    </p>
   </div>
   <div class='ocr_carea' id='block_1_2' title="bbox 183 606 1278 2234">
    <p class='ocr_par' dir='ltr' id='par_1_2' title="bbox 183 606 1278 2234">
     <span class='ocr_line' id='line_1_2' title="bbox 188 606 1173 697; baseline -0.004 -23"><span class='ocrx_word' id='word_1_5' title='bbox 188 615 282 697; x_wconf 70' lang='lat' dir='ltr'><strong>gratie</strong></span> <span class='ocrx_word' id='word_1_6' title='bbox 299 624 451 694; x_wconf 85' lang='lat' dir='ltr'><strong>receptam</strong></span> <span class='ocrx_word' id='word_1_7' title='bbox 469 622 527 675; x_wconf 83' lang='lat' dir='ltr'><strong>est.</strong></span> <span class='ocrx_word' id='word_1_8' title='bbox 568 611 691 673; x_wconf 81' lang='lat' dir='ltr'><strong>Deinde·</strong></span> <span class='ocrx_word' id='word_1_9' title='bbox 702 611 800 692; x_wconf 84' lang='lat' dir='ltr'><strong>spatio</strong></span> <span class='ocrx_word' id='word_1_10' title='bbox 809 628 916 672; x_wconf 77' lang='lat' dir='ltr'><strong>novem</strong></span> <span class='ocrx_word' id='word_1_11' title='bbox 929 606 1173 671; x_wconf 71' lang='lat' dir='ltr'><strong>aarritarram&#39;intea·⁷</strong></span> 
     </span>
     <span class='ocr_line' id='line_1_3' title="bbox 183 707 1176 789; baseline -0.005 -16"><span class='ocrx_word' id='word_1_12' title='bbox 183 718 275 789; x_wconf 85' lang='lat' dir='ltr'><strong>jecto,</strong></span> <span class='ocrx_word' id='word_1_13' title='bbox 298 713 333 772; x_wconf 90' lang='lat' dir='ltr'><strong>C.</strong></span> <span class='ocrx_word' id='word_1_14' title='bbox 345 710 474 771; x_wconf 71' lang='lat' dir='ltr'><strong>‘Naevius</strong></span> <span class='ocrx_word' id='word_1_15' title='bbox 489 710 562 770; x_wconf 82' lang='lat' dir='ltr'><strong>&#39;dats</strong></span> <span class='ocrx_word' id='word_1_16' title='bbox 580 709 678 769; x_wconf 85' lang='lat' dir='ltr'><strong>fabula</strong></span> <span class='ocrx_word' id='word_1_17' title='bbox 689 708 841 788; x_wconf 83' lang='lat' dir='ltr'><strong>spectandi</strong></span> <span class='ocrx_word' id='word_1_18' title='bbox 855 708 966 787; x_wconf 84' lang='lat' dir='ltr'><strong>copiam</strong></span> <span class='ocrx_word' id='word_1_19' title='bbox 983 707 1063 767; x_wconf 84' lang='lat' dir='ltr'><strong>fecit.</strong></span> <span class='ocrx_word' id='word_1_20' title='bbox 1103 708 1176 768; x_wconf 79' lang='lat' dir='ltr'><strong>Post</strong></span> 
     </span>
     <span class='ocr_line' id='line_1_4' title="bbox 190 803 1176 882; baseline -0.007 -13"><span class='ocrx_word' id='word_1_21' title='bbox 190 829 257 869; x_wconf 84' lang='lat' dir='ltr'><strong>eum</strong></span> <span class='ocrx_word' id='word_1_22' title='bbox 271 809 400 881; x_wconf 87' lang='lat' dir='ltr'><strong>Plautus,</strong></span> <span class='ocrx_word' id='word_1_23' title='bbox 421 826 496 866; x_wconf 90' lang='lat' dir='ltr'><strong>anno</strong></span> <span class='ocrx_word' id='word_1_24' title='bbox 515 806 578 866; x_wconf 84' lang='lat' dir='ltr'><strong>fere</strong></span> <span class='ocrx_word' id='word_1_25' title='bbox 599 806 711 866; x_wconf 89' lang='lat' dir='ltr'><strong>decimo</strong></span> <span class='ocrx_word' id='word_1_26' title='bbox 724 805 843 882; x_wconf 86' lang='lat' dir='ltr'><strong>quinto:</strong></span> <span class='ocrx_word' id='word_1_27' title='bbox 864 804 985 863; x_wconf 83' lang='lat' dir='ltr'><strong>subinde</strong></span> <span class='ocrx_word' id='word_1_28' title='bbox 998 803 1125 864; x_wconf 81' lang='lat' dir='ltr'><strong>seriatim</strong></span> <span class='ocrx_word' id='word_1_29' title='bbox 1136 808 1176 872; x_wconf 80' lang='lat' dir='ltr'><strong>Q.</strong></span> 
     </span>
     <span class='ocr_line' id='line_1_5' title="bbox 193 901 1177 979; baseline -0.002 -15"><span class='ocrx_word' id='word_1_30' title='bbox 193 904 312 976; x_wconf 85' lang='lat' dir='ltr'><strong>Ennius,</strong></span> <span class='ocrx_word' id='word_1_31' title='bbox 334 904 471 965; x_wconf 75' lang='lat' dir='ltr'><strong>Caecilius</strong></span> <span class='ocrx_word' id='word_1_32' title='bbox 491 913 522 963; x_wconf 87' lang='lat' dir='ltr'><strong>et</strong></span> <span class='ocrx_word' id='word_1_33' title='bbox 546 902 701 963; x_wconf 81' lang='lat' dir='ltr'><strong>Terentius</strong></span> <span class='ocrx_word' id='word_1_34' title='bbox 717 901 860 960; x_wconf 77' lang='lat' dir='ltr'><strong>florueras</strong></span> <span class='ocrx_word' id='word_1_35' title='bbox 888 910 995 979; x_wconf 84' lang='lat' dir='ltr'><strong>postea</strong></span> <span class='ocrx_word' id='word_1_36' title='bbox 1007 920 1065 960; x_wconf 89' lang='lat' dir='ltr'><strong>non</strong></span> <span class='ocrx_word' id='word_1_37' title='bbox 1085 901 1177 962; x_wconf 79' lang='lat' dir='ltr'><strong>musra</strong></span> 
     </span>
     <span class='ocr_line' id='line_1_6' title="bbox 190 996 1177 1080; baseline -0.004 -18"><span class='ocrx_word' id='word_1_38' title='bbox 190 1002 347 1074; x_wconf 74' lang='lat' dir='ltr'><strong>Pacuuius,</strong></span> <span class='ocrx_word' id='word_1_39' title='bbox 369 1001 419 1080; x_wconf 91' lang='lat' dir='ltr'><strong>qui</strong></span> <span class='ocrx_word' id='word_1_40' title='bbox 436 1005 498 1075; x_wconf 88' lang='lat' dir='ltr'><strong>jam</strong></span> <span class='ocrx_word' id='word_1_41' title='bbox 517 1018 606 1059; x_wconf 80' lang='lat' dir='ltr'><strong>sanan</strong></span> <span class='ocrx_word' id='word_1_42' title='bbox 625 999 719 1059; x_wconf 83' lang='lat' dir='ltr'><strong>Accio</strong></span> <span class='ocrx_word' id='word_1_43' title='bbox 737 997 835 1058; x_wconf 78' lang='lat' dir='ltr'><strong>cassia</strong></span> <span class='ocrx_word' id='word_1_44' title='bbox 876 997 1028 1056; x_wconf 83' lang='lat' dir='ltr'><strong>Postremo</strong></span> <span class='ocrx_word' id='word_1_45' title='bbox 1047 996 1177 1058; x_wconf 73' lang='lat' dir='ltr'><strong>Lucilius</strong></span> 
     </span>
     <span class='ocr_line' id='line_1_7' title="bbox 190 1093 1178 1177; baseline -0.004 -20"><span class='ocrx_word' id='word_1_46' title='bbox 190 1097 255 1170; x_wconf 75' lang='lat' dir='ltr'><strong>fuit,</strong></span> <span class='ocrx_word' id='word_1_47' title='bbox 270 1099 319 1177; x_wconf 89' lang='lat' dir='ltr'><strong>qui</strong></span> <span class='ocrx_word' id='word_1_48' title='bbox 329 1098 456 1157; x_wconf 84' lang='lat' dir='ltr'><strong>medium</strong></span> <span class='ocrx_word' id='word_1_49' title='bbox 467 1096 763 1177; x_wconf 77' lang='lat' dir='ltr'><strong>illudargementupr,</strong></span> <span class='ocrx_word' id='word_1_50' title='bbox 776 1095 1046 1155; x_wconf 72' lang='lat' dir='ltr'><strong>haerendi-scilieet</strong></span> <span class='ocrx_word' id='word_1_51' title='bbox 1057 1093 1178 1154; x_wconf 83' lang='lat' dir='ltr'><strong>aliorum</strong></span> 
     </span>
     <span class='ocr_line' id='line_1_8' title="bbox 191 1183 1178 1274; baseline -0.001 -21"><span class='ocrx_word' id='word_1_52' title='bbox 191 1205 336 1274; x_wconf 83' lang='lat' dir='ltr'><strong>poemate,</strong></span> <span class='ocrx_word' id='word_1_53' title='bbox 351 1183 524 1253; x_wconf 76' lang='lat' dir='ltr'><strong>sectabatur.</strong></span> <span class='ocrx_word' id='word_1_54' title='bbox 565 1195 655 1252; x_wconf 80' lang='lat' dir='ltr'><strong>Hune</strong></span> <span class='ocrx_word' id='word_1_55' title='bbox 668 1192 745 1252; x_wconf 89' lang='lat' dir='ltr'><strong>enim</strong></span> <span class='ocrx_word' id='word_1_56' title='bbox 758 1192 871 1252; x_wconf 76' lang='lat' dir='ltr'><strong>Gellius</strong></span> <span class='ocrx_word' id='word_1_57' title='bbox 887 1193 917 1250; x_wconf 91' lang='lat' dir='ltr'><strong>iu</strong></span> <span class='ocrx_word' id='word_1_58' title='bbox 931 1191 1061 1262; x_wconf 84' lang='lat' dir='ltr'><strong>Accium,</strong></span> <span class='ocrx_word' id='word_1_59' title='bbox 1074 1201 1107 1251; x_wconf 84' lang='lat' dir='ltr'><strong>et</strong></span> <span class='ocrx_word' id='word_1_60' title='bbox 1119 1193 1178 1252; x_wconf 79' lang='lat' dir='ltr'><strong>Pa·</strong></span> 
     </span>
     <span class='ocr_line' id='line_1_9' title="bbox 193 1282 1179 1369; baseline -0.002 -18"><span class='ocrx_word' id='word_1_61' title='bbox 193 1293 308 1357; x_wconf 80' lang='lat' dir='ltr'><strong>curium</strong></span> <span class='ocrx_word' id='word_1_62' title='bbox 331 1310 436 1369; x_wconf 70' lang='lat' dir='ltr'><strong>magra</strong></span> <span class='ocrx_word' id='word_1_63' title='bbox 456 1282 543 1353; x_wconf 83' lang='lat' dir='ltr'><strong>laudo</strong></span> <span class='ocrx_word' id='word_1_64' title='bbox 564 1291 662 1350; x_wconf 87' lang='lat' dir='ltr'><strong>stilum</strong></span> <span class='ocrx_word' id='word_1_65' title='bbox 675 1289 856 1349; x_wconf 38' lang='lat' dir='ltr'><strong>*exercuisse</strong></span> <span class='ocrx_word' id='word_1_66' title='bbox 871 1298 1007 1349; x_wconf 65' lang='lat' dir='ltr'><strong>testatum</strong></span> <span class='ocrx_word' id='word_1_67' title='bbox 1054 1288 1179 1350; x_wconf 73' lang='lat' dir='ltr'><strong>Fabarias</strong></span> 
     </span>
     <span class='ocr_line' id='line_1_10' title="bbox 192 1385 1179 1468; baseline 0 -22"><span class='ocrx_word' id='word_1_68' title='bbox 192 1387 392 1468; x_wconf 79' lang='lat' dir='ltr'><strong>igitur-isti-de</strong></span> <span class='ocrx_word' id='word_1_69' title='bbox 406 1388 519 1448; x_wconf 70' lang='lat' dir='ltr'><strong>Greco-</strong></span> <span class='ocrx_word' id='word_1_70' title='bbox 532 1387 637 1467; x_wconf 84' lang='lat' dir='ltr'><strong>patitas</strong></span> <span class='ocrx_word' id='word_1_71' title='bbox 656 1396 837 1464; x_wconf 81' lang='lat' dir='ltr'><strong>argumento,</strong></span> <span class='ocrx_word' id='word_1_72' title='bbox 857 1385 968 1446; x_wconf 88' lang='lat' dir='ltr'><strong>Latinis</strong></span> <span class='ocrx_word' id='word_1_73' title='bbox 987 1386 1095 1446; x_wconf 79' lang='lat' dir='ltr'><strong>salibus</strong></span> <span class='ocrx_word' id='word_1_74' title='bbox 1108 1407 1179 1447; x_wconf 56' lang='lat' dir='ltr'><strong>con*</strong></span> 
     </span>
     <span class='ocr_line' id='line_1_11' title="bbox 194 1466 1278 1563; baseline 0.001 -21"><span class='ocrx_word' id='word_1_75' title='bbox 194 1485 453 1547; x_wconf 77' lang='lat' dir='ltr'><strong>directatuerrmta·</strong></span> <span class='ocrx_word' id='word_1_76' title='bbox 469 1478 755 1563; x_wconf 74' lang='lat' dir='ltr'><strong>quenadmodnn&#39;in</strong></span> <span class='ocrx_word' id='word_1_77' title='bbox 769 1481 908 1554; x_wconf 83' lang='lat' dir='ltr'><strong>Terentii,</strong></span> <span class='ocrx_word' id='word_1_78' title='bbox 929 1482 1094 1555; x_wconf 60' lang='lat' dir='ltr'><strong>vel‘l’lauti,</strong></span> <span class='ocrx_word' id='word_1_79' title='bbox 1113 1503 1180 1562; x_wconf 88' lang='lat' dir='ltr'><strong>quaa</strong></span> <span class='ocrx_word' id='word_1_80' title='bbox 1276 1466 1278 1483; x_wconf 48' lang='lat'><strong>¹</strong></span> 
     </span>
     <span class='ocr_line' id='line_1_12' title="bbox 194 1579 1181 1657; baseline 0 -18"><span class='ocrx_word' id='word_1_81' title='bbox 194 1580 448 1655; x_wconf 57' lang='lat' dir='ltr'><strong>ciaca‘amierantur,⁸</strong></span> <span class='ocrx_word' id='word_1_82' title='bbox 457 1580 563 1640; x_wconf 80' lang='lat' dir='ltr'><strong>fabulis</strong></span> <span class='ocrx_word' id='word_1_83' title='bbox 575 1592 622 1640; x_wconf 82' lang='lat' dir='ltr'><strong>eat</strong></span> <span class='ocrx_word' id='word_1_84' title='bbox 631 1581 748 1640; x_wconf 78' lang='lat' dir='ltr'><strong>videre-2</strong></span> <span class='ocrx_word' id='word_1_85' title='bbox 768 1597 931 1657; x_wconf 83' lang='lat' dir='ltr'><strong>novamque</strong></span> <span class='ocrx_word' id='word_1_86' title='bbox 943 1579 1058 1657; x_wconf 63' lang='lat' dir='ltr'><strong>moiun</strong></span> <span class='ocrx_word' id='word_1_87' title='bbox 1072 1596 1181 1639; x_wconf 51' lang='lat' dir='ltr'><strong>comm*</strong></span> 
     </span>
     <span class='ocr_line' id='line_1_13' title="bbox 198 1668 1183 1749; baseline 0.002 -15"><span class='ocrx_word' id='word_1_88' title='bbox 198 1677 272 1735; x_wconf 84' lang='lat' dir='ltr'><strong>diam</strong></span> <span class='ocrx_word' id='word_1_89' title='bbox 295 1668 488 1749; x_wconf 34' lang='lat' dir='ltr'><strong>auntximitsti,</strong></span> <span class='ocrx_word' id='word_1_90' title='bbox 507 1677 616 1737; x_wconf 83' lang='lat' dir='ltr'><strong>nullam</strong></span> <span class='ocrx_word' id='word_1_91' title='bbox 628 1676 709 1739; x_wconf 86' lang='lat' dir='ltr'><strong>chori</strong></span> <span class='ocrx_word' id='word_1_92' title='bbox 722 1676 905 1734; x_wconf 75' lang='lat' dir='ltr'><strong>modulantes</strong></span> <span class='ocrx_word' id='word_1_93' title='bbox 917 1675 1108 1736; x_wconf 82' lang='lat' dir='ltr'><strong>cantilenam:</strong></span> <span class='ocrx_word' id='word_1_94' title='bbox 1128 1677 1183 1743; x_wconf 81' lang='lat' dir='ltr'><strong>sed</strong></span> 
     </span>
     <span class='ocr_line' id='line_1_14' title="bbox 195 1768 1237 1852; baseline 0.002 -21"><span class='ocrx_word' id='word_1_95' title='bbox 195 1782 272 1831; x_wconf 69' lang='lat' dir='ltr'><strong>actm</strong></span> <span class='ocrx_word' id='word_1_96' title='bbox 289 1774 336 1851; x_wconf 65' lang='lat' dir='ltr'><strong>iat</strong></span> <span class='ocrx_word' id='word_1_97' title='bbox 352 1773 396 1832; x_wconf 89' lang='lat' dir='ltr'><strong>ait</strong></span> <span class='ocrx_word' id='word_1_98' title='bbox 407 1768 581 1852; x_wconf 71' lang='lat' dir='ltr'><strong>Por-physio)</strong></span> <span class='ocrx_word' id='word_1_99' title='bbox 592 1773 725 1833; x_wconf 75' lang='lat' dir='ltr'><strong>tibiarum</strong></span> <span class='ocrx_word' id='word_1_100' title='bbox 739 1781 883 1830; x_wconf 79' lang='lat' dir='ltr'><strong>concentu</strong></span> <span class='ocrx_word' id='word_1_101' title='bbox 900 1770 1077 1834; x_wconf 73' lang='lat' dir='ltr'><strong>dirimentes.</strong></span> <span class='ocrx_word' id='word_1_102' title='bbox 1120 1774 1181 1833; x_wconf 87' lang='lat' dir='ltr'><strong>Ubi</strong></span> <span class='ocrx_word' id='word_1_103' title='bbox 1235 1782 1237 1784; x_wconf 78' lang='grc'>’</span> 
     </span>
     <span class='ocr_line' id='line_1_15' title="bbox 198 1866 1235 1949; baseline 0.004 -23"><span class='ocrx_word' id='word_1_104' title='bbox 198 1887 291 1947; x_wconf 80' lang='lat' dir='ltr'><strong>operae</strong></span> <span class='ocrx_word' id='word_1_105' title='bbox 309 1869 438 1947; x_wconf 58' lang='lat' dir='ltr'><strong>pretium&gt;</strong></span> <span class='ocrx_word' id='word_1_106' title='bbox 453 1879 500 1927; x_wconf 89' lang='lat' dir='ltr'><strong>est</strong></span> <span class='ocrx_word' id='word_1_107' title='bbox 514 1866 750 1927; x_wconf 61' lang='lat' dir='ltr'><strong>«animadvertere</strong></span> <span class='ocrx_word' id='word_1_108' title='bbox 770 1867 854 1927; x_wconf 87' lang='lat' dir='ltr'><strong>tibias</strong></span> <span class='ocrx_word' id='word_1_109' title='bbox 873 1868 955 1928; x_wconf 88' lang='lat' dir='ltr'><strong>chori</strong></span> <span class='ocrx_word' id='word_1_110' title='bbox 973 1870 1183 1949; x_wconf 74' lang='lat' dir='ltr'><strong>proprietatem</strong></span> <span class='ocrx_word' id='word_1_111' title='bbox 1230 1939 1235 1948; x_wconf 43' lang='grc'>,</span> 
     </span>
     <span class='ocr_line' id='line_1_16' title="bbox 198 1963 1182 2045; baseline 0.005 -23"><span class='ocrx_word' id='word_1_112' title='bbox 198 1963 332 2023; x_wconf 73' lang='lat' dir='ltr'><strong>emulari.</strong></span> <span class='ocrx_word' id='word_1_113' title='bbox 372 1964 449 2023; x_wconf 87' lang='lat' dir='ltr'><strong>Nam</strong></span> <span class='ocrx_word' id='word_1_114' title='bbox 468 1966 512 2043; x_wconf 78' lang='lat' dir='ltr'><strong>(ut</strong></span> <span class='ocrx_word' id='word_1_115' title='bbox 524 1973 624 2024; x_wconf 88' lang='lat' dir='ltr'><strong>auctor</strong></span> <span class='ocrx_word' id='word_1_116' title='bbox 645 1974 689 2022; x_wconf 87' lang='lat' dir='ltr'><strong>est</strong></span> <span class='ocrx_word' id='word_1_117' title='bbox 706 1963 853 2040; x_wconf 79' lang='lat' dir='ltr'><strong>Donatus)</strong></span> <span class='ocrx_word' id='word_1_118' title='bbox 872 1984 938 2044; x_wconf 91' lang='lat' dir='ltr'><strong>quae</strong></span> <span class='ocrx_word' id='word_1_119' title='bbox 955 1964 1062 2024; x_wconf 86' lang='lat' dir='ltr'><strong>fabulae</strong></span> <span class='ocrx_word' id='word_1_120' title='bbox 1078 1986 1182 2045; x_wconf 76' lang='lat' dir='ltr'><strong>graves</strong></span> 
     </span>
     <span class='ocr_line' id='line_1_17' title="bbox 198 2059 1182 2142; baseline 0.007 -26"><span class='ocrx_word' id='word_1_121' title='bbox 198 2059 370 2120; x_wconf 77' lang='lat' dir='ltr'><strong>haberentet</strong></span> <span class='ocrx_word' id='word_1_122' title='bbox 391 2070 422 2120; x_wconf 87' lang='lat' dir='ltr'><strong>et</strong></span> <span class='ocrx_word' id='word_1_123' title='bbox 441 2079 560 2132; x_wconf 83' lang='lat' dir='ltr'><strong>severoe,</strong></span> <span class='ocrx_word' id='word_1_124' title='bbox 581 2060 655 2120; x_wconf 84' lang='lat' dir='ltr'><strong>tibiis</strong></span> <span class='ocrx_word' id='word_1_125' title='bbox 672 2061 782 2120; x_wconf 85' lang='lat' dir='ltr'><strong>dextris</strong></span> <span class='ocrx_word' id='word_1_126' title='bbox 799 2062 847 2139; x_wconf 81' lang='lat' dir='ltr'><strong>agi</strong></span> <span class='ocrx_word' id='word_1_127' title='bbox 868 2072 1094 2122; x_wconf 85' lang='lat' dir='ltr'><strong>consueverunt:</strong></span> <span class='ocrx_word' id='word_1_128' title='bbox 1115 2082 1182 2142; x_wconf 75' lang='lat' dir='ltr'><strong>qum</strong></span> 
     </span>
     <span class='ocr_line' id='line_1_18' title="bbox 198 2155 1184 2234; baseline 0.003 -19"><span class='ocrx_word' id='word_1_129' title='bbox 198 2176 265 2216; x_wconf 85' lang='lat' dir='ltr'><strong>vero</strong></span> <span class='ocrx_word' id='word_1_130' title='bbox 274 2157 349 2232; x_wconf 86' lang='lat' dir='ltr'><strong>jocis</strong></span> <span class='ocrx_word' id='word_1_131' title='bbox 362 2167 393 2217; x_wconf 88' lang='lat' dir='ltr'><strong>et</strong></span> <span class='ocrx_word' id='word_1_132' title='bbox 404 2158 514 2217; x_wconf 86' lang='lat' dir='ltr'><strong>urbane</strong></span> <span class='ocrx_word' id='word_1_133' title='bbox 527 2157 610 2218; x_wconf 88' lang='lat' dir='ltr'><strong>dictis</strong></span> <span class='ocrx_word' id='word_1_134' title='bbox 627 2155 754 2234; x_wconf 88' lang='lat' dir='ltr'><strong>undique</strong></span> <span class='ocrx_word' id='word_1_135' title='bbox 767 2167 921 2231; x_wconf 80' lang='lat' dir='ltr'><strong>scaterent,</strong></span> <span class='ocrx_word' id='word_1_136' title='bbox 941 2159 1077 2218; x_wconf 88' lang='lat' dir='ltr'><strong>continuo</strong></span> <span class='ocrx_word' id='word_1_137' title='bbox 1100 2159 1184 2218; x_wconf 87' lang='lat' dir='ltr'><strong>sinis·</strong></span> 
     </span>
    </p>
   </div>
   <div class='ocr_carea' id='block_1_3' title="bbox 199 2240 1305 2332">
    <p class='ocr_par' dir='ltr' id='par_1_3' title="bbox 199 2240 1305 2332">
     <span class='ocr_line' id='line_1_19' title="bbox 199 2240 1305 2332; baseline 0.005 -19"><span class='ocrx_word' id='word_1_138' title='bbox 199 2254 259 2314; x_wconf 85' lang='lat' dir='ltr'><strong>tris.</strong></span> <span class='ocrx_word' id='word_1_139' title='bbox 298 2254 404 2315; x_wconf 80' lang='lat' dir='ltr'><strong>Pollux</strong></span> <span class='ocrx_word' id='word_1_140' title='bbox 420 2255 497 2313; x_wconf 89' lang='lat' dir='ltr'><strong>enim</strong></span> <span class='ocrx_word' id='word_1_141' title='bbox 514 2240 613 2313; x_wconf 88' lang='lat' dir='ltr'><strong>auctor</strong></span> <span class='ocrx_word' id='word_1_142' title='bbox 634 2264 684 2313; x_wconf 85' lang='lat' dir='ltr'><strong>est</strong></span> <span class='ocrx_word' id='word_1_143' title='bbox 699 2254 825 2332; x_wconf 89' lang='lat' dir='ltr'><strong>quinque</strong></span> <span class='ocrx_word' id='word_1_144' title='bbox 846 2254 913 2312; x_wconf 90' lang='lat' dir='ltr'><strong>olim</strong></span> <span class='ocrx_word' id='word_1_145' title='bbox 934 2255 965 2312; x_wconf 90' lang='lat' dir='ltr'><strong>in</strong></span> <span class='ocrx_word' id='word_1_146' title='bbox 981 2259 1184 2330; x_wconf 85' lang='lat' dir='ltr'><strong>scenajanuas</strong></span> <span class='ocrx_word' id='word_1_147' title='bbox 1301 2284 1305 2295; x_wconf 91' lang='lat'>·</span> 
     </span>
    </p>
   </div>
   <div class='ocr_carea' id='block_1_4' title="bbox 200 2348 1249 4172">
    <p class='ocr_par' dir='ltr' id='par_1_4' title="bbox 200 2348 1247 3884">
     <span class='ocr_line' id='line_1_20' title="bbox 202 2348 1185 2432; baseline 0.002 -22"><span class='ocrx_word' id='word_1_148' title='bbox 202 2351 343 2421; x_wconf 54' lang='lat' dir='ltr'><strong>exulum</strong></span> <span class='ocrx_word' id='word_1_149' title='bbox 363 2370 483 2431; x_wconf 89' lang='lat' dir='ltr'><strong>quarum</strong></span> <span class='ocrx_word' id='word_1_150' title='bbox 495 2348 590 2409; x_wconf 88' lang='lat' dir='ltr'><strong>media</strong></span> <span class='ocrx_word' id='word_1_151' title='bbox 610 2349 684 2409; x_wconf 87' lang='lat' dir='ltr'><strong>illius</strong></span> <span class='ocrx_word' id='word_1_152' title='bbox 707 2350 823 2409; x_wconf 89' lang='lat' dir='ltr'><strong>omnino</strong></span> <span class='ocrx_word' id='word_1_153' title='bbox 840 2350 1014 2409; x_wconf 86' lang='lat' dir='ltr'><strong>domicilium</strong></span> <span class='ocrx_word' id='word_1_154' title='bbox 1028 2364 1114 2424; x_wconf 85' lang='lat' dir='ltr'><strong>esset,</strong></span> <span class='ocrx_word' id='word_1_155' title='bbox 1135 2353 1185 2432; x_wconf 89' lang='lat' dir='ltr'><strong>qui</strong></span> 
     </span>
     <span class='ocr_line' id='line_1_21' title="bbox 201 2445 1185 2526; baseline 0.003 -21"><span class='ocrx_word' id='word_1_156' title='bbox 201 2445 303 2525; x_wconf 88' lang='lat' dir='ltr'><strong>primas</strong></span> <span class='ocrx_word' id='word_1_157' title='bbox 314 2446 346 2507; x_wconf 91' lang='lat' dir='ltr'><strong>in</strong></span> <span class='ocrx_word' id='word_1_158' title='bbox 358 2446 457 2507; x_wconf 85' lang='lat' dir='ltr'><strong>fabula</strong></span> <span class='ocrx_word' id='word_1_159' title='bbox 471 2456 567 2526; x_wconf 90' lang='lat' dir='ltr'><strong>partes</strong></span> <span class='ocrx_word' id='word_1_160' title='bbox 583 2446 718 2506; x_wconf 75' lang='lat' dir='ltr'><strong>haberets</strong></span> <span class='ocrx_word' id='word_1_161' title='bbox 739 2446 839 2518; x_wconf 84' lang='lat' dir='ltr'><strong>altera,</strong></span> <span class='ocrx_word' id='word_1_162' title='bbox 860 2446 963 2506; x_wconf 82' lang='lat' dir='ltr'><strong>dextra</strong></span> <span class='ocrx_word' id='word_1_163' title='bbox 977 2447 1095 2519; x_wconf 84' lang='lat' dir='ltr'><strong>scilicet,</strong></span> <span class='ocrx_word' id='word_1_164' title='bbox 1116 2447 1185 2509; x_wconf 90' lang='lat' dir='ltr'><strong>huic</strong></span> 
     </span>
     <span class='ocr_line' id='line_1_22' title="bbox 200 2543 1185 2624; baseline -0.003 -17"><span class='ocrx_word' id='word_1_165' title='bbox 200 2544 688 2624; x_wconf 65' lang='lat' dir='ltr'><strong>pmximuailliuaessecsmuasit,</strong></span> <span class='ocrx_word' id='word_1_166' title='bbox 707 2544 865 2623; x_wconf 71' lang='lat' dir='ltr'><strong>suipertus</strong></span> <span class='ocrx_word' id='word_1_167' title='bbox 876 2543 1185 2604; x_wconf 69' lang='lat' dir='ltr'><strong>darmtursaounde:</strong></span> 
     </span>
     <span class='ocr_line' id='line_1_23' title="bbox 201 2637 1187 2720; baseline 0.002 -22"><span class='ocrx_word' id='word_1_168' title='bbox 201 2641 441 2712; x_wconf 61' lang='lat' dir='ltr'><strong>serumsiniutra,</strong></span> <span class='ocrx_word' id='word_1_169' title='bbox 461 2640 509 2699; x_wconf 78' lang='lat' dir='ltr'><strong>rel</strong></span> <span class='ocrx_word' id='word_1_170' title='bbox 520 2640 647 2699; x_wconf 75' lang='lat' dir='ltr'><strong>manime</strong></span> <span class='ocrx_word' id='word_1_171' title='bbox 659 2640 764 2712; x_wconf 70' lang='lat' dir='ltr'><strong>murus,</strong></span> <span class='ocrx_word' id='word_1_172' title='bbox 782 2637 954 2699; x_wconf 84' lang='lat' dir='ltr'><strong>autnullius</strong></span> <span class='ocrx_word' id='word_1_173' title='bbox 969 2650 1187 2720; x_wconf 77' lang='lat' dir='ltr'><strong>aratpemonae,</strong></span> 
     </span>
     <span class='ocr_line' id='line_1_24' title="bbox 202 2736 1188 2816; baseline -0.001 -18"><span class='ocrx_word' id='word_1_174' title='bbox 202 2737 248 2798; x_wconf 78' lang='lat' dir='ltr'><strong>vel</strong></span> <span class='ocrx_word' id='word_1_175' title='bbox 260 2738 564 2816; x_wconf 51' lang='lat' dir='ltr'><strong>-deohmmsuiquna</strong></span> <span class='ocrx_word' id='word_1_176' title='bbox 584 2737 908 2797; x_wconf 81' lang='lat' dir='ltr'><strong>simulabatsacellum.</strong></span> <span class='ocrx_word' id='word_1_177' title='bbox 949 2738 994 2797; x_wconf 85' lang='lat' dir='ltr'><strong>At</strong></span> <span class='ocrx_word' id='word_1_178' title='bbox 1007 2736 1188 2816; x_wconf 67' lang='lat' dir='ltr'><strong>&#39;reliquum</strong></span> 
     </span>
     <span class='ocr_line' id='line_1_25' title="bbox 203 2833 1188 2912; baseline 0.001 -19"><span class='ocrx_word' id='word_1_179' title='bbox 203 2834 666 2906; x_wconf 63' lang='lat' dir='ltr'><strong>ambassaeniueeaulebna</strong></span> <span class='ocrx_word' id='word_1_180' title='bbox 686 2833 745 2912; x_wconf 85' lang='lat' dir='ltr'><strong>qui·</strong></span> <span class='ocrx_word' id='word_1_181' title='bbox 758 2853 818 2892; x_wconf 89' lang='lat' dir='ltr'><strong>non</strong></span> <span class='ocrx_word' id='word_1_182' title='bbox 835 2835 873 2893; x_wconf 84' lang='lat' dir='ltr'><strong>ab</strong></span> <span class='ocrx_word' id='word_1_183' title='bbox 893 2834 976 2905; x_wconf 84' lang='lat' dir='ltr'><strong>urhe,</strong></span> <span class='ocrx_word' id='word_1_184' title='bbox 995 2834 1049 2893; x_wconf 87' lang='lat' dir='ltr'><strong>sed</strong></span> <span class='ocrx_word' id='word_1_185' title='bbox 1070 2833 1188 2894; x_wconf 79' lang='lat' dir='ltr'><strong>alirrnsla</strong></span> 
     </span>
     <span class='ocr_line' id='line_1_26' title="bbox 202 2929 1189 3009; baseline 0 -21"><span class='ocrx_word' id='word_1_186' title='bbox 202 2931 468 3009; x_wconf 71' lang='lat' dir='ltr'><strong>proficiscerentur:</strong></span> <span class='ocrx_word' id='word_1_187' title='bbox 489 2929 603 2990; x_wconf 87' lang='lat' dir='ltr'><strong>sinistra</strong></span> <span class='ocrx_word' id='word_1_188' title='bbox 615 2949 684 2989; x_wconf 87' lang='lat' dir='ltr'><strong>vero</strong></span> <span class='ocrx_word' id='word_1_189' title='bbox 698 2941 809 3000; x_wconf 85' lang='lat' dir='ltr'><strong>contre,</strong></span> <span class='ocrx_word' id='word_1_190' title='bbox 829 2940 970 3008; x_wconf 84' lang='lat' dir='ltr'><strong>quotquot</strong></span> <span class='ocrx_word' id='word_1_191' title='bbox 982 2930 1122 3000; x_wconf 73' lang='lat' dir='ltr'><strong>venisent,</strong></span> <span class='ocrx_word' id='word_1_192' title='bbox 1140 2947 1189 2988; x_wconf 70' lang='lat' dir='ltr'><strong>un</strong></span> 
     </span>
     <span class='ocr_line' id='line_1_27' title="bbox 202 3025 1189 3105; baseline 0.001 -19"><span class='ocrx_word' id='word_1_193' title='bbox 202 3027 292 3087; x_wconf 88' lang='lat' dir='ltr'><strong>banos</strong></span> <span class='ocrx_word' id='word_1_194' title='bbox 305 3026 495 3105; x_wconf 78' lang='lat' dir='ltr'><strong>producebat.</strong></span> <span class='ocrx_word' id='word_1_195' title='bbox 536 3027 586 3086; x_wconf 88' lang='lat' dir='ltr'><strong>Ab</strong></span> <span class='ocrx_word' id='word_1_196' title='bbox 605 3025 661 3085; x_wconf 90' lang='lat' dir='ltr'><strong>hac</strong></span> <span class='ocrx_word' id='word_1_197' title='bbox 676 3027 719 3104; x_wconf 83' lang='lat' dir='ltr'><strong>(ut</strong></span> <span class='ocrx_word' id='word_1_198' title='bbox 732 3026 866 3103; x_wconf 69' lang='lat' dir='ltr'><strong>arbitror)</strong></span> <span class='ocrx_word' id='word_1_199' title='bbox 882 3027 944 3104; x_wconf 85' lang='lat' dir='ltr'><strong>ejus</strong></span> <span class='ocrx_word' id='word_1_200' title='bbox 963 3025 1069 3086; x_wconf 77' lang='lat' dir='ltr'><strong>fabulae</strong></span> <span class='ocrx_word' id='word_1_201' title='bbox 1082 3027 1189 3087; x_wconf 86' lang='lat' dir='ltr'><strong>chorus</strong></span> 
     </span>
     <span class='ocr_line' id='line_1_28' title="bbox 202 3122 1190 3201; baseline 0.005 -21"><span class='ocrx_word' id='word_1_202' title='bbox 202 3123 317 3201; x_wconf 89' lang='lat' dir='ltr'><strong>prodire</strong></span> <span class='ocrx_word' id='word_1_203' title='bbox 331 3123 491 3194; x_wconf 86' lang='lat' dir='ltr'><strong>consuevit,</strong></span> <span class='ocrx_word' id='word_1_204' title='bbox 512 3142 584 3201; x_wconf 88' lang='lat' dir='ltr'><strong>quas</strong></span> <span class='ocrx_word' id='word_1_205' title='bbox 598 3123 714 3193; x_wconf 88' lang='lat' dir='ltr'><strong>salibus,</strong></span> <span class='ocrx_word' id='word_1_206' title='bbox 733 3122 864 3201; x_wconf 84' lang='lat' dir='ltr'><strong>jocisque</strong></span> <span class='ocrx_word' id='word_1_207' title='bbox 877 3122 986 3182; x_wconf 84' lang='lat' dir='ltr'><strong>referta</strong></span> <span class='ocrx_word' id='word_1_208' title='bbox 998 3143 1062 3183; x_wconf 89' lang='lat' dir='ltr'><strong>esse</strong></span> <span class='ocrx_word' id='word_1_209' title='bbox 1075 3123 1190 3185; x_wconf 85' lang='lat' dir='ltr'><strong>videre·</strong></span> 
     </span>
     <span class='ocr_line' id='line_1_29' title="bbox 203 3217 1190 3302; baseline 0.005 -25"><span class='ocrx_word' id='word_1_210' title='bbox 203 3229 259 3279; x_wconf 86' lang='lat' dir='ltr'><strong>tur.</strong></span> <span class='ocrx_word' id='word_1_211' title='bbox 300 3219 426 3300; x_wconf 86' lang='lat' dir='ltr'><strong>Quippe,</strong></span> <span class='ocrx_word' id='word_1_212' title='bbox 449 3220 528 3299; x_wconf 90' lang='lat' dir='ltr'><strong>quod</strong></span> <span class='ocrx_word' id='word_1_213' title='bbox 548 3219 644 3286; x_wconf 79' lang='lat' dir='ltr'><strong>facete</strong></span> <span class='ocrx_word' id='word_1_214' title='bbox 663 3217 777 3293; x_wconf 84' lang='lat' dir='ltr'><strong>dicitur,</strong></span> <span class='ocrx_word' id='word_1_215' title='bbox 796 3219 923 3279; x_wconf 85' lang='lat' dir='ltr'><strong>solemus</strong></span> <span class='ocrx_word' id='word_1_216' title='bbox 935 3221 1075 3280; x_wconf 79' lang='lat' dir='ltr'><strong>urbanum</strong></span> <span class='ocrx_word' id='word_1_217' title='bbox 1088 3224 1190 3302; x_wconf 89' lang='lat' dir='ltr'><strong>appel·</strong></span> 
     </span>
     <span class='ocr_line' id='line_1_30' title="bbox 206 3313 1191 3397; baseline 0.002 -21"><span class='ocrx_word' id='word_1_218' title='bbox 206 3319 273 3376; x_wconf 90' lang='lat' dir='ltr'><strong>lare.</strong></span> <span class='ocrx_word' id='word_1_219' title='bbox 317 3315 429 3376; x_wconf 86' lang='lat' dir='ltr'><strong>Verum</strong></span> <span class='ocrx_word' id='word_1_220' title='bbox 449 3318 486 3388; x_wconf 85' lang='lat' dir='ltr'><strong>ab</strong></span> <span class='ocrx_word' id='word_1_221' title='bbox 504 3316 604 3387; x_wconf 86' lang='lat' dir='ltr'><strong>altera,</strong></span> <span class='ocrx_word' id='word_1_222' title='bbox 625 3315 655 3382; x_wconf 61' lang='lat' dir='ltr'><strong>si,</strong></span> <span class='ocrx_word' id='word_1_223' title='bbox 671 3313 793 3374; x_wconf 87' lang='lat' dir='ltr'><strong>rusticos</strong></span> <span class='ocrx_word' id='word_1_224' title='bbox 813 3314 912 3375; x_wconf 85' lang='lat' dir='ltr'><strong>sabula</strong></span> <span class='ocrx_word' id='word_1_225' title='bbox 932 3317 1100 3389; x_wconf 89' lang='lat' dir='ltr'><strong>contineret,</strong></span> <span class='ocrx_word' id='word_1_226' title='bbox 1121 3338 1191 3397; x_wconf 89' lang='lat' dir='ltr'><strong>qua·</strong></span> 
     </span>
     <span class='ocr_line' id='line_1_31' title="bbox 208 3410 1190 3492; baseline -0.002 -16"><span class='ocrx_word' id='word_1_227' title='bbox 208 3415 396 3485; x_wconf 73' lang='lat' dir='ltr'><strong>damaetam,</strong></span> <span class='ocrx_word' id='word_1_228' title='bbox 417 3413 556 3492; x_wconf 77' lang='lat' dir='ltr'><strong>gravique</strong></span> <span class='ocrx_word' id='word_1_229' title='bbox 569 3410 752 3490; x_wconf 78' lang='lat' dir='ltr'><strong>simplicitate</strong></span> <span class='ocrx_word' id='word_1_230' title='bbox 765 3410 868 3470; x_wconf 80' lang='lat' dir='ltr'><strong>obesus</strong></span> <span class='ocrx_word' id='word_1_231' title='bbox 883 3413 1078 3474; x_wconf 87' lang='lat' dir='ltr'><strong>emittebatur.</strong></span> <span class='ocrx_word' id='word_1_232' title='bbox 1118 3415 1190 3474; x_wconf 88' lang='lat' dir='ltr'><strong>Eta-</strong></span> 
     </span>
     <span class='ocr_line' id='line_1_32' title="bbox 206 3508 1189 3591; baseline -0.001 -19"><span class='ocrx_word' id='word_1_233' title='bbox 206 3512 266 3572; x_wconf 92' lang='lat' dir='ltr'><strong>nim</strong></span> <span class='ocrx_word' id='word_1_234' title='bbox 280 3532 330 3574; x_wconf 91' lang='lat' dir='ltr'><strong>eos</strong></span> <span class='ocrx_word' id='word_1_235' title='bbox 347 3510 527 3591; x_wconf 84' lang='lat' dir='ltr'><strong>potissimum</strong></span> <span class='ocrx_word' id='word_1_236' title='bbox 547 3508 670 3570; x_wconf 80' lang='lat' dir='ltr'><strong>rustims</strong></span> <span class='ocrx_word' id='word_1_237' title='bbox 687 3528 834 3582; x_wconf 76' lang='lat' dir='ltr'><strong>rodamus,</strong></span> <span class='ocrx_word' id='word_1_238' title='bbox 861 3510 912 3588; x_wconf 91' lang='lat' dir='ltr'><strong>qui</strong></span> <span class='ocrx_word' id='word_1_239' title='bbox 932 3529 1048 3590; x_wconf 85' lang='lat' dir='ltr'><strong>semper</strong></span> <span class='ocrx_word' id='word_1_240' title='bbox 1065 3511 1189 3571; x_wconf 88' lang='lat' dir='ltr'><strong>obducto</strong></span> 
     </span>
     <span class='ocr_line' id='line_1_33' title="bbox 208 3602 1247 3688; baseline -0.003 -20"><span class='ocrx_word' id='word_1_241' title='bbox 208 3609 359 3688; x_wconf 87' lang='lat' dir='ltr'><strong>supercilio</strong></span> <span class='ocrx_word' id='word_1_242' title='bbox 369 3607 676 3668; x_wconf 79' lang='lat' dir='ltr'><strong>facetias-auersantur.</strong></span> <span class='ocrx_word' id='word_1_243' title='bbox 717 3605 806 3665; x_wconf 85' lang='lat' dir='ltr'><strong>Unde</strong></span> <span class='ocrx_word' id='word_1_244' title='bbox 816 3605 987 3666; x_wconf 71' lang='lat' dir='ltr'><strong>Palamedes</strong></span> <span class='ocrx_word' id='word_1_245' title='bbox 1000 3606 1078 3684; x_wconf 83' lang='lat' dir='ltr'><strong>apud</strong></span> <span class='ocrx_word' id='word_1_246' title='bbox 1091 3606 1190 3666; x_wconf 89' lang='lat' dir='ltr'><strong>Philo·</strong></span> <span class='ocrx_word' id='word_1_247' title='bbox 1242 3602 1247 3618; x_wconf 78' lang='grc'><em>’</em></span> 
     </span>
     <span class='ocr_line' id='line_1_34' title="bbox 206 3702 1190 3780; baseline -0.002 -14"><span class='ocrx_word' id='word_1_248' title='bbox 206 3715 325 3766; x_wconf 88' lang='lat' dir='ltr'><strong>stratum</strong></span> <span class='ocrx_word' id='word_1_249' title='bbox 334 3705 371 3766; x_wconf 87' lang='lat' dir='ltr'><strong>ab</strong></span> <span class='ocrx_word' id='word_1_250' title='bbox 383 3703 501 3764; x_wconf 83' lang='lat' dir='ltr'><strong>Achille</strong></span> <span class='ocrx_word' id='word_1_251' title='bbox 514 3702 619 3763; x_wconf 89' lang='lat' dir='ltr'><strong>dicitur</strong></span> <span class='ocrx_word' id='word_1_252' title='bbox 630 3706 821 3779; x_wconf 63' lang='lat' dir='ltr'><strong>apparerem,</strong></span> <span class='ocrx_word' id='word_1_253' title='bbox 841 3702 975 3780; x_wconf 90' lang='lat' dir='ltr'><strong>quoniam</strong></span> <span class='ocrx_word' id='word_1_254' title='bbox 987 3712 1020 3761; x_wconf 89' lang='lat' dir='ltr'><strong>ut</strong></span> <span class='ocrx_word' id='word_1_255' title='bbox 1032 3712 1094 3762; x_wconf 86' lang='lat' dir='ltr'><strong>erat</strong></span> <span class='ocrx_word' id='word_1_256' title='bbox 1106 3704 1190 3764; x_wconf 88' lang='lat' dir='ltr'><strong>undi-</strong></span> 
     </span>
     <span class='ocr_line' id='line_1_35' title="bbox 207 3796 898 3884; baseline -0.007 -22"><span class='ocrx_word' id='word_1_257' title='bbox 207 3822 261 3884; x_wconf 84' lang='lat' dir='ltr'><strong>que</strong></span> <span class='ocrx_word' id='word_1_258' title='bbox 271 3820 396 3877; x_wconf 86' lang='lat' dir='ltr'><strong>severus,</strong></span> <span class='ocrx_word' id='word_1_259' title='bbox 416 3799 448 3858; x_wconf 88' lang='lat' dir='ltr'><strong>in</strong></span> <span class='ocrx_word' id='word_1_260' title='bbox 460 3797 571 3862; x_wconf 82' lang='lat' dir='ltr'><strong>deliciis</strong></span> <span class='ocrx_word' id='word_1_261' title='bbox 586 3799 674 3858; x_wconf 85' lang='lat' dir='ltr'><strong>etiam</strong></span> <span class='ocrx_word' id='word_1_262' title='bbox 686 3796 757 3855; x_wconf 88' lang='lat' dir='ltr'><strong>nihil</strong></span> <span class='ocrx_word' id='word_1_263' title='bbox 769 3799 898 3857; x_wconf 89' lang='lat' dir='ltr'><strong>haberet</strong></span> 
     </span>
    </p>

    <p class='ocr_par' dir='ltr' id='par_1_5' title="bbox 207 3893 1249 4172">
     <span class='ocr_line' id='line_1_36' title="bbox 208 3893 1192 3975; baseline -0.002 -16"><span class='ocrx_word' id='word_1_264' title='bbox 208 3899 213 3908; x_wconf 78' lang='grc'><em>“</em></span> <span class='ocrx_word' id='word_1_265' title='bbox 246 3898 401 3969; x_wconf 79' lang='lat' dir='ltr'><strong>Caeterum,</strong></span> <span class='ocrx_word' id='word_1_266' title='bbox 427 3895 499 3956; x_wconf 88' lang='lat' dir='ltr'><strong>licet</strong></span> <span class='ocrx_word' id='word_1_267' title='bbox 521 3894 611 3955; x_wconf 90' lang='lat' dir='ltr'><strong>multa</strong></span> <span class='ocrx_word' id='word_1_268' title='bbox 627 3894 691 3954; x_wconf 88' lang='lat' dir='ltr'><strong>&#39;sint</strong></span> <span class='ocrx_word' id='word_1_269' title='bbox 710 3915 819 3975; x_wconf 86' lang='lat' dir='ltr'><strong>genera</strong></span> <span class='ocrx_word' id='word_1_270' title='bbox 842 3893 985 3966; x_wconf 90' lang='lat' dir='ltr'><strong>tibiarum,</strong></span> <span class='ocrx_word' id='word_1_271' title='bbox 1014 3905 1112 3955; x_wconf 87' lang='lat' dir='ltr'><strong>tamen</strong></span> <span class='ocrx_word' id='word_1_272' title='bbox 1133 3897 1192 3973; x_wconf 85' lang='lat' dir='ltr'><strong>duo</strong></span> 
     </span>
     <span class='ocr_line' id='line_1_37' title="bbox 207 3989 1193 4078; baseline 0.001 -25"><span class='ocrx_word' id='word_1_273' title='bbox 207 4011 321 4056; x_wconf 87' lang='lat' dir='ltr'><strong>scenam</strong></span> <span class='ocrx_word' id='word_1_274' title='bbox 338 3989 515 4074; x_wconf 75' lang='lat' dir='ltr'><strong>potissimum</strong></span> <span class='ocrx_word' id='word_1_275' title='bbox 535 3991 769 4071; x_wconf 85' lang='lat' dir='ltr'><strong>frequentabant,</strong></span> <span class='ocrx_word' id='word_1_276' title='bbox 791 3991 928 4052; x_wconf 87' lang='lat' dir='ltr'><strong>videlicet</strong></span> <span class='ocrx_word' id='word_1_277' title='bbox 946 3991 1102 4072; x_wconf 66' lang='lat' dir='ltr'><strong>Phrygius</strong></span> <span class='ocrx_word' id='word_1_278' title='bbox 1123 4014 1193 4078; x_wconf 88' lang='lat' dir='ltr'><strong>qua·</strong></span> 
     </span>
     <span class='ocr_line' id='line_1_38' title="bbox 207 4083 1249 4172; baseline 0.001 -23"><span class='ocrx_word' id='word_1_279' title='bbox 207 4108 268 4149; x_wconf 86' lang='lat' dir='ltr'><strong>rum</strong></span> <span class='ocrx_word' id='word_1_280' title='bbox 300 4083 448 4151; x_wconf 81' lang='lat' dir='ltr'><strong>nonnullae</strong></span> <span class='ocrx_word' id='word_1_281' title='bbox 477 4087 563 4149; x_wconf 86' lang='lat' dir='ltr'><strong>modo</strong></span> <span class='ocrx_word' id='word_1_282' title='bbox 579 4087 708 4163; x_wconf 71' lang='lat' dir='ltr'><strong>dextra,</strong></span> <span class='ocrx_word' id='word_1_283' title='bbox 739 4088 825 4148; x_wconf 89' lang='lat' dir='ltr'><strong>modo</strong></span> <span class='ocrx_word' id='word_1_284' title='bbox 851 4088 971 4148; x_wconf 86' lang='lat' dir='ltr'><strong>sinistrae</strong></span> <span class='ocrx_word' id='word_1_285' title='bbox 996 4090 1192 4169; x_wconf 88' lang='lat' dir='ltr'><strong>ponebantur.</strong></span> <span class='ocrx_word' id='word_1_286' title='bbox 1247 4167 1249 4172; x_wconf 13' lang='lat'><strong>¹</strong></span> 
     </span>
    </p>
   </div>
   <div class='ocr_carea' id='block_1_5' title="bbox 147 4178 1193 4468">
    <p class='ocr_par' dir='ltr' id='par_1_6' title="bbox 147 4178 1193 4468">
     <span class='ocr_line' id='line_1_39' title="bbox 147 4178 1193 4267; baseline 0.003 -24"><span class='ocrx_word' id='word_1_287' title='bbox 147 4197 150 4204; x_wconf 85' lang='lat'>&#39;</span> <span class='ocrx_word' id='word_1_288' title='bbox 208 4178 340 4257; x_wconf 73' lang='lat' dir='ltr'><strong>nexare,</strong></span> <span class='ocrx_word' id='word_1_289' title='bbox 362 4207 426 4267; x_wconf 79' lang='lat' dir='ltr'><strong>quaa</strong></span> <span class='ocrx_word' id='word_1_290' title='bbox 438 4180 568 4260; x_wconf 81' lang='lat' dir='ltr'><strong>foramen</strong></span> <span class='ocrx_word' id='word_1_291' title='bbox 580 4185 697 4256; x_wconf 85' lang='lat' dir='ltr'><strong>unicum</strong></span> <span class='ocrx_word' id='word_1_292' title='bbox 708 4185 868 4246; x_wconf 80' lang='lat' dir='ltr'><strong>haberent:</strong></span> <span class='ocrx_word' id='word_1_293' title='bbox 889 4184 1018 4258; x_wconf 81' lang='lat' dir='ltr'><strong>sinistrae,</strong></span> <span class='ocrx_word' id='word_1_294' title='bbox 1040 4206 1106 4264; x_wconf 83' lang='lat' dir='ltr'><strong>quae</strong></span> <span class='ocrx_word' id='word_1_295' title='bbox 1121 4187 1193 4246; x_wconf 90' lang='lat' dir='ltr'><strong>duo·</strong></span> 
     </span>
     <span class='ocr_line' id='line_1_40' title="bbox 163 4273 1193 4378; baseline 0.003 -38"><span class='ocrx_word' id='word_1_296' title='bbox 163 4363 172 4378; x_wconf 43' lang='grc' dir='ltr'><strong><em>Ι</em></strong></span> <span class='ocrx_word' id='word_1_297' title='bbox 207 4273 261 4378; x_wconf 78' lang='lat' dir='ltr'><strong>blas</strong></span> <span class='ocrx_word' id='word_1_298' title='bbox 273 4273 372 4356; x_wconf 88' lang='lat' dir='ltr'><strong>essent</strong></span> <span class='ocrx_word' id='word_1_299' title='bbox 383 4283 569 4345; x_wconf 85' lang='lat' dir='ltr'><strong>foraminibus</strong></span> <span class='ocrx_word' id='word_1_300' title='bbox 583 4283 736 4343; x_wconf 88' lang='lat' dir='ltr'><strong>distinctae.</strong></span> <span class='ocrx_word' id='word_1_301' title='bbox 777 4282 891 4363; x_wconf 87' lang='lat' dir='ltr'><strong>Quippe</strong></span> <span class='ocrx_word' id='word_1_302' title='bbox 906 4281 1022 4344; x_wconf 84' lang='lat' dir='ltr'><strong>Servius</strong></span> <span class='ocrx_word' id='word_1_303' title='bbox 1033 4281 1193 4360; x_wconf 88' lang='lat' dir='ltr'><strong>Varronem</strong></span> 
     </span>
     <span class='ocr_line' id='line_1_41' title="bbox 209 4379 1192 4468; baseline 0.001 -31"><span class='ocrx_word' id='word_1_304' title='bbox 209 4389 335 4454; x_wconf 84' lang='lat' dir='ltr'><strong>secatus,</strong></span> <span class='ocrx_word' id='word_1_305' title='bbox 346 4382 549 4468; x_wconf 81' lang='lat' dir='ltr'><strong>duasimparas</strong></span> <span class='ocrx_word' id='word_1_306' title='bbox 562 4380 910 4458; x_wconf 58' lang='lat' dir='ltr'><strong>caremas‘hujuscemodi</strong></span> <span class='ocrx_word' id='word_1_307' title='bbox 922 4380 997 4442; x_wconf 85' lang='lat' dir='ltr'><strong>tibiis</strong></span> <span class='ocrx_word' id='word_1_308' title='bbox 1005 4379 1093 4442; x_wconf 86' lang='lat' dir='ltr'><strong>fuisse</strong></span> <span class='ocrx_word' id='word_1_309' title='bbox 1104 4389 1192 4441; x_wconf 82' lang='lat' dir='ltr'><strong>testa·</strong></span> 
     </span>
    </p>
   </div>
   <div class='ocr_carea' id='block_1_6' title="bbox 0 0 1487 4950">
    <p class='ocr_par' dir='ltr' id='par_1_7' title="bbox 0 0 1487 4950">
     <span class='ocr_line' id='line_1_42' title="bbox 0 0 1487 4950; baseline 0 0"><span class='ocrx_word' id='word_1_310' title='bbox 0 0 1487 4950; x_wconf 95' lang='lat' dir='ltr'><strong> </strong></span> 
     </span>
    </p>
   </div>
  </div>
 </body>
</html>
