2917 4950
274 440 331 501 lxui
481 436 664 515 VICTOR
695 432 760 496 DE
794 435 1041 497 COMOEDlA.

275 621 349 703 disse
363 639 461 681 ansam
470 619 608 680 videmur.
649 616 938 679 Cetemmfuitocto
947 615 1257 693 tautumansisjnnior

278 695 455 791 Alexandro,
477 715 616 794 sanguine
628 712 729 773 nobilis
744 723 788 773 et
789 733 901 773 morum
903 712 1078 792 integritate
1091 700 1256 792 praeclarus

277 812 457 892 Alexideque
471 813 515 893 (ut
534 810 667 886 arbitror)
680 821 858 889 praeceptore
875 815 935 888 jam
948 809 1115 869 adolescens
1131 809 1203 868 dare
1214 808 1258 868 fa·

277 906 359 968 bulas
379 909 476 989 coepit,
496 924 562 986 quas
580 916 708 966 centum
714 914 745 966 et
765 918 832 966 octo
847 926 967 966 numero
981 924 1078 965 coram
1090 900 1259 965 dosds'simis
1345 974 1347 981 J

278 1006 436 1083 quibusque
449 1012 599 1087 steterunt,
619 1000 665 1062 vel
685 1002 810 1081 quinque
823 1022 909 1083 supra
921 1013 1047 1073 centum,
1067 1011 1101 1060 ut
1119 1001 1259 1089 cecinisse

264 1093 506 1180 'Apollodorum¹
515 1099 629 1160 Gellius
650 1099 759 1160 scribit
810 1099 943 1159 Tandem
966 1098 1121 1159 Athenis
1111 1118 1143 1157 m
1166 1084 1261 1177 patria
1285 1110 1288 1115 ⁴

279 1198 351 1259 duos
367 1210 397 1258 et
410 1197 615 1277 quinquaginta
627 1206 711 1255 natus
725 1214 816 1255 annos
830 1196 901 1256 obiit
914 1206 1044 1266 mortem,
1059 1195 1172 1254 decimo
1184 1194 1260 1255 scili·
1322 1267 1324 1273 y

279 1296 407 1355 uetante
423 1294 534 1355 bellum·
552 1293 776 1353 Macedonicum
789 1312 876 1366 auno,
893 1293 971 1371 quod
985 1292 1113 1371 Pyrrhus
1126 1311 1192 1350 cum
1205 1310 1260 1370 po·

278 1392 349 1471 pulo
363 1392 496 1452 Romano
509 1392 602 1469 gessit
613 1388 789 1449 acerrimum
830 1390 898 1450 Nee
915 1390 997 1449 solue
996 1387 1116 1475 quidem
1134 1388 1180 1446 hae
1194 1388 1261 1448 Me

279 1487 381 1547 nandri
399 1484 504 1547 fabulae
521 1487 720 1548 Macedonum
731 1488 845 1546 lumbos
861 1489 906 1565 (ιιι
917 1486 963 1544 his
976 1496 1040 1545 utar
1054 1484 1144 1544 Persii
1155 1484 1261 1562 verblsl

232 1584 235 1591 ’
278 1584 439 1655 intravere,
453 1584 505 1644 s'ed
519 1595 549 1643 et
562 1584 625 1649 aliae'
639 1583 752 1662 Diphili
766 1581 896 1662 Sinopei
902 1592 1019 1642 centum
1030 1566 1261 1662 Philemonisque

281 1679 455 1760 Syracusani
474 1679 668 1740 Menandrum
682 1680 842 1739 aemulantis
857 1673 923 1738 fere
933 1678 1054 1738 totidem
1068 1684 1262 1737 accesserunt.
1361 1706 1363 1713 s

281 1775 427 1837 Praetereo
441 1796 513 1856 quas
524 1777 736 1856 Apollodorus,
757 1776 929 1855 Posidippus
942 1785 972 1834 et
991 1774 1167 1854 Philippides
1181 1774 1262 1834 addi·

280 1866 394 1945 derunt,
415 1893 450 1932 ac
465 1873 573 1942 caeteri,
595 1891 667 1950 quos
682 1874 757 1930 noua
770 1873 911 1930 comoedia
924 1871 1108 1953 celebravit
1129 1870 1263 1930 Profecto

238 1956 241 1959 ¹
279 1968 351 2026 mira
359 1968 414 2026 fuit
423 1966 623 2049 Aristophanis
633 1966 775 2026 felicitas:
796 1969 876 2045 cujus
887 1986 945 2049 uua
958 1967 1083 2027 Cocalus
1094 1987 1111 2026 e
1125 1965 1263 2047 quiuqua-

281 2062 496 2141 ginta'quatuor
509 2065 564 2141 (tot
577 2062 653 2122 enim
666 2062 771 2132 vidisse
784 2083 815 2123 se
829 2063 955 2123 Thomas
969 2063 1111 2142 Magister
1125 2062 1175 2139 ait)
1189 2062 1263 2145 adeo

280 2159 385 2219 multas
406 2159 583 2218 diversorum
609 2168 756 2237 poetarum
780 2159 891 2243 fabulas
915 2159 1079 2239 procrearit,
1109 2178 1262 2236 quaecum

280 2264 399 2333 parente
413 2272 465 2314 suo
478 2255 650 2333 reliquisque
664 2265 794 2313 veterum
810 2276 886 2335 pene
905 2257 1034 2316 omnihus
1047 2256 1083 2317 ab
1097 2275 1150 2316 usu
1163 2267 1263 2316 nostro

281 2349 439 2419 suffurante
452 2356 581 2430 tempore
600 2351 780 2412 exciderunt.
820 2351 940 2411 Utinam
962 2364 1093 2414 amarent
1112 2356 1159 2414 'vel
1181 2354 1264 2413 dimi·

281 2436 377 2518 dista,
407 2450 466 2507 uon
490 2447 574 2508 adeo
583 2447 709 2508 forsan
702 2467 732 2532 m
754 2444 906 2526 prasentia
925 2448 1038 2534 fabulas
1063 2450 1264 2530 perspiciendo

281 2544 499 2603 coecutiremus:
520 2563 576 2604 nec
590 2535 668 2604 esset
677 2563 728 2603 cur
741 2564 797 2623 ego
810 2565 860 2605 vos
873 2545 1040 2606 semicaecus
1056 2539 1164 2607 ducere
1178 2567 1264 2607 cona·

280 2646 336 2698 rer.
378 2639 437 2699 Sed
450 2650 518 2699 acta
531 2659 567 2698 ne
582 2661 710 2718 agamus,
729 2641 898 2702 vitiumhoc
916 2653 947 2701 et
959 2644 1134 2722 praeteritam
1148 2643 1265 2704 calami·

280 2745 371 2795 tatem
383 2736 429 2794 his
443 2736 524 2815 quasi
538 2736 684 2818 frugibus,
704 2748 847 2817 quotquot
867 2748 979 2808 extant,
1001 2738 1203 2818 Aristophanis
1220 2740 1265 2798 fa·

269 2829 365 2889 hellis
374 2841 605 2913 compensantes.
621 2833 767 2912 Duplex
778 2854 841 2894 esse
854 2854 1037 2894 numerorum
1051 2834 1250 2896 differentia
1223 2856 1266 2894 vs·

283 2926 384 3008 daur:
392 2928 638 3008 quandoquidem
651 2937 763 2990 veteres
776 2929 822 2988 illi
831 2926 1002 2990 comoediam
1014 2931 1098 2990 variis
1112 2931 1267 3018 distingue·

281 3037 313 3108 re
325 3023 452 3083 versibus
465 3017 645 3118 studuerunt,
667 3043 702 3080 eo
719 3026 797 3099 quod
812 3011 891 3080 noui
904 3026 1030 3083 maxime
1044 3027 1213 3104 daretur,
1190 3029 1264 3110 siqui

281 3123 388 3178 novum
411 3122 542 3180 carminis
566 3115 657 3196 genus
680 3117 908 3177 adiuuenissent.
943 3119 1031 3180 Unde
1053 3123 1242 3202 Phrynious
1233 3146 1264 3184 m

284 3214 385 3276 Io'nico
401 3217 502 3298 minori
521 3206 710 3274 catalecticos
731 3223 930 3273 tetrametrum
951 3216 1137 3294 excogitavit,
1159 3221 1266 3281 Phene

264 3293 449 3391 ‘cratesque
456 3292 509 3371 sibi
530 3330 646 3370 uersum
665 3328 682 3368 e
684 3310 839 3387 spondeo,
859 3310 985 3390 dactylo,
1006 3323 1037 3371 et
1055 3314 1183 3374 trochaeo
1198 3317 1264 3398 pul

282 3408 456 3469 cherrimum
469 3407 669 3469 concinnavit.
689 3425 744 3466 aec
764 3415 847 3466 secus
867 3406 987 3487 Eupolis
1008 3420 1206 3470 tetrametrum
1225 3432 1264 3473 ex

280 3504 417 3588 'trochaeis
431 3502 646 3582 conglutinavit.
687 3503 799 3563 Verum
811 3502 1024 3583 Aristophanes,
1047 3507 1120 3565 utin
1134 3509 1265 3570 omnibus

282 3613 327 3660 est
340 3602 560 3684 ιιόιηιικώτατρς,
575 3599 672 3667 iuhoc
686 3599 773 3660 etiam
782 3599 833 3684 ulli
842 3600 948 3660 cedere
959 3602 1060 3662 noluit.
1099 3589 1264 3665 Jamhicum

283 3697 360 3780 enim
369 3695 664 3777 hypercatalecticum
677 3687 894 3767 monometrum,
914 3707 944 3757 et
953 3699 1265 3779 brachycatalecticum

282 3792 450 3865 trimetrum,
473 3805 518 3852 est
539 3793 611 3853 mira
631 3793 772 3853 suavitate
786 3792 954 3852 modulatus.
993 3788 1116 3874 Insuper
1137 3816 1176 3856 ex
1197 3816 1265 3858 ana·

283 3888 381 3966 poestis
405 3873 566 3948 trimetrum
583 3891 812 3961 acatalecticum,
828 3908 867 3948 ex
889 3890 1151 3952 choriambisvero
1166 3898 1279 3954 mono.'

282 3994 406 4042 metrum
424 3985 530 4063 primus
544 3987 668 4045 onmium
681 3986 860 4067 temperarit,
881 3996 968 4065 atque
982 3986 1039 4046 alia
1052 3988 1200 4067 complura
1211 4010 1266 4069 per
1333 4021 1340 4025 ·

284 4079 424 4150 Servium,
446 4091 476 4139 et
489 4081 563 4139 illius
585 4083 757 4163 interpretes
771 4082 932 4155 fabularum
947 4093 1095 4156 aunomta,
1115 4104 1180 4162 quae
1193 4105 1267 4145 mor·

281 4173 387 4234 talibus
401 4175 474 4236 adeo
484 4179 659 4260 placuerunt,
681 4192 713 4240 ut
725 4181 862 4240 barbaros
876 4163 963 4240 etiam
982 4181 1135 4240 Persarum
1154 4180 1266 4243 animos

281 4273 427 4352 potuerint
440 4273 615 4362 demulcere.
657 4275 776 4358 Etenim
786 4275 870 4358 apud>
879 4293 929 4336 eos
942 4265 1266 4363 Aristophpuemacce·

281 4367 375 4448 pimus
391 4368 550 4449 praesertim
570 4392 588 4432 a
604 4373 675 4451 rege
691 4372 881 4434 celebratum,
913 4371 1032 4433 ‘contra
1042 4392 1113 4433 vero
1125 4389 1265 4436 novae*-
