2917 4950
386 653 525 738 ACT.
568 654 655 739 lv,
700 653 922 740 SCENA
959 652 994 738 1.

620 843 749 892 noum.

204 956 288 1025 ITA
302 978 355 1025 me
370 957 418 1025 Di
432 962 519 1027 bene
532 967 655 1042 ament,
666 963 829 1046 quantum
843 978 908 1043 ego
922 957 1018 1036 illum
1029 958 1112 1039 vidi,
1127 979 1210 1026 non·

290 1070 376 1136 nihil
391 1071 494 1137 timeo
508 1072 643 1152 misera,
942 1077 949 1104 ¹

159 1180 217 1248 Ne
244 1202 347 1267 quam
372 1181 431 1248 ille
458 1182 561 1249 hodie
588 1183 728 1250 insanus
756 1183 888 1258 turbam
915 1181 1032 1261 faciat,
1057 1186 1117 1258 aut
1139 1182 1209 1250 vim

201 1290 204 1295 ’
290 1293 427 1361 Thaidi.
1221 1290 1224 1294 ’

158 1401 254 1470 Nam
268 1410 452 1490 postquam
466 1405 532 1472 iste
545 1406 685 1474 advenit
699 1403 859 1472 Chremes
876 1405 1092 1484 adolescens,
1107 1405 1208 1476 frater

289 1516 441 1599 virginis,

158 1625 306 1692 Militem
334 1631 443 1711 rogat,
467 1632 505 1692 ut
526 1628 623 1692 illum
646 1627 777 1693 admitti
801 1627 933 1711 jubeat.
960 1627 1019 1692 ille
1045 1628 1206 1693 continuo

287 1738 409 1803 irasci:

156 1848 284 1933 Neque
297 1870 421 1933 negare
436 1849 570 1918 audere.
605 1850 711 1920 Thais
722 1869 825 1935 porro
838 1851 975 1928 inaure,
985 1855 1023 1915 ut
1036 1848 1207 1924 hominem

285 1961 419 2030 invitet.
1186 1967 1206 2023 5

190 2124 204 2168 1
223 2120 260 2169 Ita
265 2136 298 2170 me
307 2120 340 2171 Di
350 2124 403 2171 bene
412 2122 497 2186 ament]
515 2125 549 2171 na
559 2137 657 2185 persono
706 2125 755 2181 siti,
765 2140 817 2174 euru
828 2125 936 2182 dixisset,
943 2123 1046 2190 Purgon'
1056 2139 1091 2172 me
1099 2125 1127 2172 de
1136 2122 1207 2184 isthoc

153 2195 253 2255 quesita
262 2202 306 2250 est,
325 2211 377 2256 quae
388 2195 515 2242 terribilem
526 2197 606 2243 eredat
616 2195 658 2241 mi·
707 2195 798 2255 Uettidi,
809 2197 868 2260 qood
878 2213 927 2245 eam
936 2213 970 2243 me
980 2211 1056 2244 umore
1065 2196 1208 2258 maspieotur?

153 2267 221 2314 litem
228 2282 234 2312 ε
242 2274 267 2313 et
274 2281 302 2313 eo
310 2267 464 2331 megis(uteo
471 2270 550 2332 magis,
558 2265 658 2330 MsH.)
705 2270 831 2330 respondet
842 2269 923 2316 militi:
938 2272 981 2317 imo
990 2285 1048 2333 auge
1057 2270 1129 2332 treugis
1138 2269 1208 2329 suspi-

153 2341 179 2387 in
195 2340 338 2401 experiendo
349 2356 421 2388 venue
435 2357 462 2388 ao
477 2342 589 2389 ridiculus
606 2356 657 2388 esse
705 2344 803 2400 timum
820 2342 950 2408 eiiaadobit
966 2343 1011 2390 due
1025 2340 1207 2405 interfueram,

153 2413 238 2474 possit.
272 2411 309 2461 Ita
327 2428 360 2460 me
378 2412 411 2460 Di
431 2416 482 2462 bene
500 2413 584 2478 ament]
602 2413 656 2461 Hoc·
705 2424 732 2462 ta
749 2415 817 2479 hujtrs
834 2423 921 2462 cmtro.
955 2411 1120 2463 Concluditnr:
1144 2414 1206 2475 quod

152 2487 275 2553 ioooquid
288 2495 342 2553 post
358 2504 448 2536 menam
464 2497 552 2551 gestum
564 2489 656 2544 sithoc
705 2497 774 2552 neget
784 2488 905 2546 meretrix,
915 2489 966 2550 ipse
977 2494 1119 2551 perseverat.
1149 2485 1206 2533 Inde

153 2567 200 2617 est,
212 2559 236 2609 in
250 2560 358 2611 convivio
369 2560 459 2617 militis,
471 2562 553 2609 incilia
563 2562 656 2609 demon·
703 2563 735 2610 nd
736 2564 855 2625 jurgium,
860 2561 944 2623 inquit,
949 2562 994 2607 hoo
999 2559 1079 2615 ested
1090 2559 1162 2607 litem.
1176 2561 1205 2606 E.

154 2641 226 2682 stret:
240 2637 319 2695 utJum
331 2651 381 2695 qua
390 2634 413 2681 in
421 2636 544 2696 proscenio
552 2642 656 2697 agantur,
737 2635 885 2691 particulam,
907 2634 966 2693 dem,
986 2632 1123 2694 ejioiendnm
1139 2638 1206 2694 puto,
1245 2654 1249 2663 ⁴

151 2722 184 2755 ex
195 2705 233 2754 his
243 2707 359 2768 possimus
371 2723 502 2768 agnoscere.
521 2711 551 2756 D.
705 2709 759 2769 quia
767 2722 781 2755 e
790 2707 865 2752 tribus
874 2707 959 2753 nostris
969 2706 1038 2753 oodd.
1046 2706 1113 2759 abest
1120 2713 1145 2753 et
1152 2705 1206 2752 edd.

187 2779 226 2828 Itu
238 2795 273 2826 me
287 2778 321 2826 Di
336 2780 421 2844 ament]
439 2780 499 2826 Haeo
516 2795 584 2828 soene
599 2780 656 2827 allo·
705 2787 762 2828 vett.
783 2778 884 2840 itemque
905 2794 920 2825 e
941 2780 1023 2841 Bemb,
1045 2786 1070 2825 et
1088 2777 1206 2841 plerisque

152 2851 268 2900 ontionem
277 2850 365 2898 anciliae
373 2858 444 2907 tenet,
450 2868 501 2913 quae
507 2852 657 2913 conjecturali
705 2852 789 2900 Fuerni
796 2850 862 2898 libris
872 2849 975 2897 Terentii
986 2856 1010 2896 et
1021 2851 1116 2895 Donati.
1133 2848 1163 2896 B.

152 2930 215 2971 statu
227 2929 361 2985 argumenta
378 2923 476 2987 colligit,
492 2925 588 2972 militem
603 2939 655 2972 oum
738 2928 753 2973 2
771 2924 806 2972 Ne
816 2938 883 2986 quarn
890 2923 929 2969 ille
937 2920 1001 2969 hodie
1008 2922 1111 2987 insonus]
1128 2921 1207 2983 Ilium,

152 2996 275 3053 meretrice
286 2995 351 3043 litem
360 3010 449 3061 parare.
482 2997 655 3059 liupriorpro-
705 3004 729 3045 et
740 2998 778 3045 ilie
788 3000 889 3051 insonus,
900 2995 935 3042 sie
946 2994 1050 3051 effertur,
1063 3001 1090 3041 ut
1100 2986 1207 3053 omnibus

150 3069 236 3133 positio
252 3074 297 3124 eet,
316 3070 379 3129 quod
399 3069 481 3118 timere
497 3087 522 3118 se
538 3069 605 3135 dioit,
624 3084 653 3117 ne
703 3067 971 3136 (ornuinol.)ineuaris
986 3068 1115 3117 miletenae
1126 3086 1207 3123 noeoe-

150 3142 204 3204 ipse
220 3141 314 3189 insanus
329 3140 400 3188 hodie
416 3145 497 3190 turbes
514 3142 584 3192 suniat
601 3157 653 3190 oum
702 3149 748 3191 tur.
771 3143 803 3190 D.

150 3216 247 3265 Tiroide.
282 3214 375 3262 Deinde
384 3214 586 3276 inoipitnarratio:
602 3232 655 3264 omn
736 3213 834 3267 3Nom
850 3222 964 3281 postquem
980 3217 1020 3261 iste
1042 3214 1145 3291 advenit]
1169 3217 1207 3267 in·
1309 3237 1314 3242 ·

148 3286 654 3353 pedorumirteadvenitchremesudotescene,
705 3292 792 3335 stanter
814 3285 844 3351 (i.
866 3305 888 3335 e.
906 3287 1013 3353 pluribus
1031 3284 1117 3336 verbis.
1152 3289 1207 3341 Nisi

143 3356 225 3424 freter
240 3359 342 3423 uirginis.
376 3360 468 3408 Deinde
485 3361 510 3407 in
526 3360 654 3409 narratione
704 3360 772 3409 maiis
781 3359 871 3425 legere,
881 3359 1021 3424 incidenter)
1038 3362 1154 3420 admonet,
1166 3356 1206 3424 qui

151 3438 286 3495 argumente
302 3432 474 3492 praeiaciuntur,
495 3448 547 3495 quae
563 3433 656 3482 veniant
704 3433 797 3480 toilioet
808 3432 840 3480 sit
852 3432 970 3481 Chremes.
988 3434 1020 3480 D.

152 3506 360 3569 udquaestionem3
375 3505 430 3554 ideo
446 3492 656 3572 mjeoimontinuo
737 3507 839 3563 Nomen,
862 3491 974 3564 Chreme,
996 3505 1084 3565 exulat,
1105 3502 1167 3571 duod
1191 3525 1207 3557 e

151 3580 226 3626 isarei
261 3577 352 3626 Deinde
361 3585 477 3641 ‘expurgat
487 3581 614 3627 T'huidem:
630 3579 655 3626 id
704 3578 774 3626 oodd.
795 3577 933 3641 quibusdum
956 3579 1029 3636 abeat,
1047 3585 1072 3626 et
1092 3580 1206 3629 sententie

142 3648 255 3714 fodiebat,
271 3649 355 3712 inquit,
371 3651 483 3699 retinendi
498 3652 562 3700 ittae
577 3666 654 3708 causo,
704 3667 751 3698 non
762 3651 867 3719 requirit.
900 3651 959 3709 Tum
971 3651 1209 3715 prouduenitrersus

150 3726 205 3785 quio
220 3723 271 3777 uu,
288 3738 336 3785 quae
348 3724 457 3785 cupiebat,
473 3725 500 3771 de
515 3738 589 3770 sorore
608 3727 655 3785 ejas
704 3724 808 3784 postulat
816 3725 943 3772 advenerat.
964 3725 993 3771 B.

149 3795 361 3852 iudieare,ndenm
376 3812 422 3849 rem
439 3805 523 3858 tempus
538 3806 653 3844 nouerat.
731 3799 753 3851 '4
770 3794 868 3843 Militem
886 3795 962 3860 rogat]
987 3797 1017 3843 Et
1033 3796 1077 3843 hoo
1094 3797 1159 3858 qnasi
1176 3799 1210 3861 ἀφ,

151 3867 276 3916 Concludit
294 3869 460 3937 quaestionem:
478 3869 537 3917 miles
548 3884 598 3917 vero
610 3886 655 3930 pu·
705 3868 786 3919 odioso
803 3868 840 3932 (et
857 3867 892 3916 irio
908 3884 991 3933 quoque
1010 3871 1062 3921 satis
1079 3868 1149 3918 odiose
1165 3872 1207 3937 Z.)

150 3949 198 3988 tare
208 3941 250 3987 titi
259 3940 382 3988 adductum
394 3949 446 3988 onte
459 3943 531 3990 oculos
541 3942 654 3990 amulum.
707 3942 802 3989 Militem
820 3942 890 3997 dixit,
907 3956 953 3989 non
968 3938 1107 3991 Thrasonem·
1148 3942 1207 3993 Con·

150 4016 182 4062 Et
189 4014 298 4075 quoniam
305 4012 328 4060 in
337 4017 469 4076 eonjeotura
477 4015 537 4062 iaetu
546 4015 584 4062 rel
592 4015 654 4061 diota
704 4016 768 4061 tinne
777 4013 854 4076 irasci]
871 4013 904 4061 Ut
913 4012 990 4071 rivali.
1008 4015 1039 4060 D.

152 4093 249 4141 snnt‚ex
259 4086 342 4146 quibus
351 4088 453 4148 suspicio
460 4087 586 4149 colligitur,
595 4088 655 4134 factu
737 4092 753 4136 5
771 4084 847 4148 Neque
865 4102 947 4151 negare
963 4086 1058 4151 dudm]
1074 4087 1107 4134 Ut
1126 4089 1206 4149 omium

151 4158 185 4205 sio
207 4157 290 4221 ponit:
317 4158 482 4226 vetnitfaeere
503 4161 655 4207 contradente
704 4158 817 4221 poscenti.
851 4158 986 4216 Instareut
999 4159 1106 4206 hominem
1116 4162 1206 4225 inritet]

150 4223 215 4295 egre'.
234 4230 327 4278 Deinde
339 4232 411 4292 dioit3
426 4233 486 4298 treus,
496 4231 578 4294 iuquit,
588 4246 654 4292 puer,
703 4231 938 4292 Videimpudentium
946 4231 1080 4281 meretricis.
1090 4282 1093 4289 ,
1105 4234 1207 4282 Primum

153 4301 294 4363 Pamphilum
304 4320 392 4360 arcese,
408 4316 434 4353 ut
451 4307 541 4353 detecta
556 4305 592 4352 dic
609 4321 653 4353 nos.
704 4304 764 4365 petit
774 4313 801 4352 ut
813 4307 895 4366 jubent
906 4323 957 4354 eum
970 4306 1072 4354 admitti:
1089 4302 1210 4368 porteant'

152 4374 244 4421 Memor
263 4384 300 4423 est
314 4377 382 4424 miles
402 4387 572 4440 praeceptorum
590 4394 655 4441 pura·
704 4378 798 4434 inritet,
809 4381 871 4438 quod
883 4389 919 4426 est
929 4380 1010 4439 majus.
1029 4378 1059 4425 D.

186 4467 246 4500 vor.
262 4468 279 4498 1.
670 4457 710 4501 31
