2917 4950
289 819 412 888 AELII
434 814 644 902 DONATI,
669 812 709 881 V.
731 811 773 880 C.
794 808 1043 879 ORATORIS
1064 807 1216 879 numa

388 981 692 1075 muneramus
708 1014 745 1064 ns
762 1013 918 1065 nnuman
934 1012 1103 1086 ruamur.

290 1430 506 1496 COMOEDIA
521 1432 644 1508 Andria,
659 1449 727 1495 cum
740 1430 867 1496 Palliata
876 1423 926 1508 sit,
938 1435 977 1497 de
989 1434 1056 1497 loco
1068 1450 1177 1495 nomen
1189 1450 1243 1495 ac.

220 1583 224 1603 ,
248 1532 340 1612 cepit,
354 1542 386 1591 et
397 1551 417 1591 a
429 1531 598 1592 Menandro
619 1530 707 1612 prius,
727 1543 759 1593 et
779 1551 859 1617 nunc
872 1533 909 1593 ab
928 1532 991 1612 ipso
1005 1531 1162 1594 Terentina
1181 1531 1243 1611 qui,

248 1647 318 1689 oum
339 1629 379 1689 de
392 1628 537 1709 Chryside
557 1623 744 1709 loqueretur,
759 1615 803 1689 sic
824 1628 883 1690 ait:
913 1624 973 1689 Hei
993 1647 1096 1702 vereor,
1124 1648 1158 1687 ae
1178 1628 1247 1706 qvis

251 1726 359 1786 Andria
378 1735 504 1805 opportet
527 1728 602 1790 moli.
625 1737 657 1792 et
677 1727 736 1791 hoc
756 1745 911 1790 commune
924 1726 1099 1787 vocabulum
1111 1735 1157 1790 est
1167 1736 1200 1812 et
1211 1723 1243 1784 in

250 1821 369 1910 Graece,
382 1834 414 1883 et
426 1822 533 1884 Latina
551 1824 662 1905 lingua.
702 1824 781 1884 Haec
793 1823 898 1903 majori
911 1834 1039 1903 exparte
1049 1822 1175 1884 motoria
1187 1832 1243 1896 est,

251 1918 441 1998 continetque
449 1929 532 1982 actus
540 1931 703 2002 amatorum
711 1920 952 1992 adolescentium,
958 1930 990 1981 et
997 1920 1244 2003 patrumpiorum.

251 2014 329 2075 Sunt
340 2014 382 2075 ibi
395 2015 494 2076 callidi
504 2015 589 2090 servi,
603 2026 707 2076 astutae
718 2017 840 2089 ancillae,
854 2018 948 2078 severi
960 2035 1056 2090 senes,
1075 2017 1245 2079 adolescen-

250 2111 322 2198 tulae
331 2111 479 2193 liberales.
528 2112 566 2172 In
578 2112 636 2172 hac
649 2111 751 2193 primae
763 2115 952 2195 pertes‘senis
966 2115 1090 2176 Simonis
1104 2126 1182 2188 sunt,
1196 2133 1243 2174 se·

250 2205 355 2269 eundae
368 2209 456 2282 Davi,
469 2210 566 2270 tertiae
580 2210 755 2284 Chremetis,
768 2223 800 2272 et
813 2201 952 2293 deinceps
967 2213 1152 2296 reliquorum.
1171 2211 1245 2276 Pro·

249 2306 336 2385 logos
351 2306 445 2367 inhac
459 2325 530 2366 acer
537 2306 697 2388 inducitur,
713 2320 744 2368 et
756 2309 787 2367 in
797 2308 976 2370 adversarios
988 2328 1047 2369 non
1060 2307 1246 2370 mediocriter

251 2415 451 2485 exasperatus,
464 2391 624 2465 sedtamen
630 2404 662 2465 id
671 2404 826 2478 subtiliter,
837 2416 873 2466 ut
879 2405 976 2465 omnia
986 2404 1137 2465 lacessitus
1147 2401 1247 2466 faeere

250 2503 394 2575 videatur,
405 2522 442 2567 ec
454 2500 567 2566 dicere,
583 2503 647 2564 Hie
659 2503 783 2582 protasis
793 2503 916 2575 subtilis,
927 2502 1046 2583 epitasis
1056 2503 1245 2578 tumultuosa,

233 2600 439 2682 'catastrophe
456 2618 534 2679 pene
550 2600 680 2678 tragica:
701 2609 733 2659 et
754 2609 854 2660 tamen
873 2609 995 2679 repente
1013 2618 1051 2659 err
1060 2599 1105 2660 his
1114 2599 1206 2659 turbis
1216 2599 1248 2660 iu

250 2696 440 2776 tranquillum
450 2696 595 2776 pervenit·
635 2696 713 2756 Hoec
732 2696 826 2777 prima
843 2707 967 2757 actaern
977 2695 1053 2755 ludis
1065 2695 1248 2777 Megalensi-

250 2795 316 2865 bus,
331 2792 378 2854 M.
389 2790 502 2863 Fulvio,
521 2803 552 2853 et
566 2791 612 2851 M.
627 2792 798 2864 Glabrione,
818 2792 951 2867 aedilibus
966 2792 1131 2855 Caralibus.
1166 2792 1247 2872 Ege·

251 2899 321 2947 runt
333 2888 504 2961 Ladttilius
517 2888 724 2964 nantium,
739 2899 769 2953 et
779 2889 817 2955 L·
828 2889 983 2955 Ambivius
992 2889 1113 2971 Turpio.
1133 2890 1244 2952 Modoe

251 2985 325 3047 fecit
338 2976 473 3059 Plancus,
488 2985 602 3046 Claudii
614 2987 701 3060 lilius,
713 2986 793 3047 tibiis
805 2987 931 3066 paribus,
943 2986 1055 3047 dextris
1066 2997 1097 3047 et
1110 2986 1244 3049 sinistriss

253 3094 285 3145 et
303 3093 349 3145 est
367 3094 431 3144 tota
442 3082 559 3157 Graeca,
570 3083 651 3144 edita
670 3084 717 3144 M.
732 3083 887 3156 Marcello,
906 3094 938 3144 et
951 3085 1007 3145 Cn.
1023 3083 1148 3164 Sulpitio
1160 3083 1245 3146 Coss.

251 3176 505 3261 pronunciansque
525 3191 571 3240 est
593 3180 706 3241 Andria
724 3180 866 3253 Terentii,
885 3182 924 3242 ob
946 3180 1128 3260 incognitum
1148 3180 1248 3242 adhuc

252 3295 361 3339 nomen
373 3286 470 3356 poeta,
484 3287 517 3338 et
525 3278 645 3339 minoris
656 3279 735 3359 apud
748 3277 886 3359 populum
900 3276 1080 3339 auctoritatis
1093 3297 1130 3339 ac
1139 3277 1247 3340 meriti.

162 3398 164 3401 ’
253 3373 584 3435 Diverbiisauthenticis
593 3375 693 3455 lepide
703 3374 841 3436 distincta
849 3386 912 3436 ests
926 3385 1105 3436 etsuccessu
1114 3385 1249 3456 spectate

252 3490 404 3553 prospero,
418 3471 606 3532 hortamento
616 3483 714 3551 poete
725 3460 910 3531 luitadalias
919 3471 1157 3534 conscribendas.
1190 3472 1249 3533 Ini-

203 3642 210 3651 ί
252 3569 326 3628 tium
334 3570 774 3651 autemrrporourdvrpomor,
785 3567 817 3628 id
827 3578 883 3640 est,
895 3568 1083 3629 adventitiam
1092 3587 1249 3649 pmsonem

253 3665 365 3745 recepit
379 3664 483 3738 Soeioe,
505 3676 629 3747 propter
639 3664 830 3725 evolvendam
849 3665 1013 3745 argumenti
1032 3665 1249 3732 obscuritatem.

253 3762 386 3822 Persona
402 3773 502 3822 autem
518 3762 663 3842 protatioa
681 3761 861 3841 intelligitur,
886 3783 952 3843 quae
969 3763 1059 3824 semel
1077 3764 1198 3826 inducta
1216 3764 1249 3824 in

252 3858 395 3939 principio
403 3858 522 3930 fabulae,
532 3859 563 3918 in
573 3859 660 3918 nullis
671 3858 810 3938 deinceps
818 3858 925 3921 fabulae
935 3859 1068 3938 partibus
1082 3860 1248 3921 adhibetur.

254 3954 468 4015 Adnotandum
480 3974 562 4029 sane,
574 3955 737 4035 puellarum
751 3954 913 4015 liberalium
927 3956 1038 4019 nullam
1046 3957 1208 4019 orationem
1218 3957 1251 4020 in

253 4051 408 4134 proscenio
427 4050 537 4125 induci,
550 4051 581 4111 in
596 4052 740 4113 comoedia
763 4051 898 4125 Pelliate,
916 4064 1025 4135 preater
1035 4055 1250 4118 invocationem

253 4150 275 4213 J
276 4148 378 4209 unonis
391 4148 531 4209 Lucinae:
553 4169 620 4230 quaa
633 4159 664 4210 et
676 4149 738 4230 ipsa
750 4167 868 4228 quoque
881 4160 951 4229 post
962 4171 1082 4212 scenam
1091 4151 1154 4217 fieri
1162 4153 1249 4213 solet.

253 4247 313 4326 (At
329 4264 397 4309 vero
421 4244 551 4327 loquitur
569 4244 600 4305 in
619 4246 784 4307 Heautont.
809 4246 971 4326 Antiphila,
989 4249 1089 4329 puella
1111 4250 1249 4328 liberalis,

253 4344 285 4408 in
298 4341 396 4408 Plauti
408 4343 497 4409 Cure.
511 4343 688 4423 Planesium,
699 4354 731 4408 et
740 4343 806 4408 alia
819 4342 899 4409 alibi.
910 4344 1072 4427 Westerh.)
