2917 4950
262 388 329 455 410
541 425 547 435 ·
620 423 623 430 >
655 388 913 457 EUNUCHI

264 576 335 642 Ubi
348 565 481 659 tempus
495 563 558 641 tibi
572 575 646 654 erit,
661 581 714 642 eat
726 577 839 657 habet,
854 580 885 644 ei
896 582 968 643 turn
981 559 1153 661 recipitur.

261 688 359 752 nnn.
381 683 535 770 Apparet
549 705 685 752 servum
696 687 785 752 hunc
801 708 877 780 esse
892 674 1021 753 domini
1035 687 1197 772 pauperis

263 796 461 880 Miserique.
507 794 551 861 G.
568 795 659 862 Nam
674 787 787 863 hercle
801 820 900 865 nemo
916 804 1045 884 posset,
1061 797 1217 874 eutecio,

264 905 335 984 Qui
349 906 499 984 haberet,
513 906 571 990 qui
582 911 721 991 'pararet
731 896 851 986 alium)
865 910 957 974 lrunc
971 910 1112 994 perpeti.
1265 910 1306 968 95

265 1017 335 1084 ΡΑ.
350 1020 446 1084 Tace
457 1009 506 1096 tn,
518 1038 619 1102 quem
633 1040 697 1102 ego
712 1040 789 1086 esse
804 1021 892 1085 infra
905 1020 1039 1083 infimos
1053 1017 1163 1083 omnis
1178 1021 1265 1101 puto

265 1129 453 1197 Homines:
476 1148 556 1194 narn
570 1128 631 1212 qni
641 1123 726 1193 'huic
742 1132 891 1196 animani
904 1130 1071 1195 assentari
1084 1128 1271 1204 induxeris,

262 1386 351 1435 narrat,
370 1376 415 1424 dre.
451 1375 495 1424 Uli
512 1376 625 1424 molestam
643 1392 687 1425 aaa
707 1378 760 1434 erit,
828 1375 1080 1439 ›Herolenemoporreq
1097 1375 1172 1422 litum,
1185 1373 1246 1421 enirn
1259 1388 1309 1419 rer·

261 1452 300 1498 att
315 1459 343 1498 to
358 1450 423 1508 cotes,
438 1447 555 1511 adaeque
567 1449 607 1495 titi
623 1448 705 1497 ataar:
720 1448 761 1495 ati
809 1464 872 1505 rum,
882 1449 945 1510 quod
954 1449 1028 1496 malua
1043 1447 1082 1501 eit,
1093 1462 1160 1494 uerno
1170 1451 1261 1507 poscet,
1270 1444 1309 1491 in·

263 1531 348 1584 tempas
359 1521 401 1569 etti
411 1522 460 1568 erit.
492 1523 526 1567 Et
535 1519 592 1567 mire
603 1528 702 1581 occupat
712 1521 760 1567 ani·
809 1520 868 1581 quit,
882 1520 982 1583 perpeti,
998 1520 1019 1567 ei
1035 1521 1128 1565 haberet
1142 1523 1231 1565 tantuur
1246 1516 1310 1564 uude

184 1593 188 1596 ’
263 1611 326 1642 mum
342 1593 477 1648 meretricis,
492 1608 544 1641 curn
558 1593 621 1639 illurn
635 1594 704 1654 lrnjue
717 1593 761 1640 irn-
809 1592 878 1639 alium
895 1597 1054 1653 temperaret:
1075 1598 1102 1638 ut
1117 1589 1254 1638 ostendatur
1266 1588 1310 1635 do·

262 1667 334 1729 pulsu
343 1664 431 1712 inducit
440 1666 524 1720 lacere,
535 1663 645 1725 quicquid
658 1664 715 1711 dure
725 1666 760 1711 le-
808 1664 885 1714 rniuua
894 1680 989 1729 pauper.
1018 1666 1078 1711 Hae
1084 1669 1180 1724 propter
1187 1661 1310 1717 malitiam,

262 1737 449 1786 citexcludendn
460 1737 598 1785 Phaedriam.
630 1738 678 1784 Hie
688 1737 762 1799 igitur
809 1736 851 1798 qui
866 1752 940 1798 neque
959 1738 1046 1784 nudare
1064 1751 1089 1783 ae
1105 1741 1194 1799 poeaet,
1205 1742 1233 1783 ut
1249 1734 1310 1781 aliur

263 1812 302 1872 qui
323 1811 369 1857 ecit
382 1815 498 1872 praecepta
517 1808 548 1855 de
563 1808 680 1856 benefieiis
697 1809 759 1856 arati·
809 1816 986 1870 compararetur.
1003 1810 1032 1855 ll.

262 1882 361 1937 mandis,
371 1880 483 1941 intelligit
492 1880 592 1928 oratorie
603 1879 627 1926 in
641 1888 760 1942 utramque
841 1882 902 1929 lllud
913 1898 966 1929 nam
979 1883 1078 1929 retertur
1088 1880 1117 1927 ed
1131 1880 1165 1937 id,
1182 1878 1245 1941 quod
1260 1878 1309 1925 ele·

262 1959 352 2015 partem
368 1953 434 1999 dictu
446 1952 529 1999 omnia.
565 1951 647 1999 Vemm
660 1953 700 1999 abi
714 1969 761 1999 mo·
810 1947 1106 2015 praeordinationem.
1139 1950 1252 1999 Rectaz.

264 2023 354 2085 Mam]
365 2025 449 2070 Utrum
460 2022 504 2069 tibi
515 2021 760 2078 malcaimandiie?
841 2027 873 2074 35
891 2024 937 2079 Qut
952 2024 1047 2081 haberet,
1062 2025 1101 2086 pai
1114 2021 1221 2086 pararet]
1238 2020 1308 2069 Priua

264 2099 307 2144 aed
323 2096 382 2151 aliie,
392 2087 451 2156 quia*
463 2094 569 2142 illaturus
579 2093 706 2159 eet(rdde‚
720 2097 760 2144 redi
808 2097 856 2162 poi,
879 2113 1021 2159 pronomen:
1050 2110 1150 2158 aequent
1172 2095 1309 2143 adverbium

263 2169 360 2216 incolae
371 2166 412 2230 Ζ.)
426 2168 460 2216 D.
527 2195 530 2200 ,
808 2177 852 2218 eat.
869 2172 900 2217 D.

295 2245 335 2292 ὅθ’
346 2240 390 2289 Uti
402 2248 487 2300 tempas
501 2243 542 2288 titi
556 2241 611 2304 erit]
631 2244 686 2289 Non
697 2258 759 2291 ama-
841 2241 887 2295 Qui
896 2250 987 2303 pararet
997 2242 1079 2305 aliam]
1103 2240 1254 2301 Qoiponitur
1264 2256 1309 2301 pro

262 2314 316 2362 tori.
348 2315 381 2361 lit
394 2313 433 2360 ati
443 2320 469 2360 ta
480 2313 549 2360 coles:
565 2330 611 2361 non
622 2323 649 2361 ut
663 2329 722 2362 nunc
734 2316 759 2362 in
807 2321 842 2368 at,
853 2319 880 2359 ut
889 2314 919 2359 ed
930 2314 1040 2361 Andriam
1050 2312 1187 2361 nomrimua.
1221 2312 1311 2360 Parare

261 2386 336 2435 rnilite
352 2385 445 2447 pateris.
486 2385 529 2433 Uti
547 2395 632 2448 tempas
649 2389 691 2434 titi
708 2390 760 2446 erle,
807 2390 844 2432 eat
853 2400 992 2448 comparare,
999 2401 1083 2433 emere.
1098 2386 1309 2434 Getullcarmx.

260 2455 295 2507 iat
306 2451 378 2515 late,
392 2460 411 2506 ei
426 2466 475 2505 tam
489 2458 610 2522 recipitne]
629 2458 676 2506 Hie
688 2459 759 2507 dietis
809 2457 849 2504 20.
859 2471 904 2505 aaa
913 2472 994 2520 portem
1005 2464 1051 2506 ceto
1061 2456 1157 2506 laniare
1163 2453 1248 2519 parare
1260 2473 1311 2506 ree·
1332 2498 1335 2505 .

259 2541 284 2581 et
294 2532 392 2580 militem
401 2531 487 2593 repulit
497 2532 526 2577 ab
537 2532 613 2578 animo
624 2532 760 2589 meretricia,
807 2534 846 2575 toa.
856 2531 895 2577 ubi
907 2547 929 2577 v.
942 2533 1029 2579 Mutet.
1038 2531 1098 2577 (lae.
1107 2531 1137 2577 de
1147 2532 1176 2578 B.
1188 2531 1217 2576 G.
1226 2532 1269 2578 1v.
1282 2535 1308 2578 2.

259 2613 284 2653 et
297 2603 465 2652 commendarit
475 2602 654 2660 adolescentem,
669 2611 693 2652 et
705 2620 760 2665 per·
807 2615 855 2662 aaa
865 2602 960 2662 imperio
973 2603 1179 2663 percurrendam
1192 2604 1310 2651 Buclrner.

259 2679 315 2725 lecit
325 2695 354 2725 ne
363 2676 446 2736 injurie
454 2674 561 2722 videatur
567 2676 629 2736 apud
639 2677 759 2732 Thaidem,
807 2673 837 2718 de
848 2679 987 2721 mmmnata
996 2674 1084 2721 ratione
1094 2674 1188 2722 diuendi
1197 2691 1222 2737 p.
1232 2679 1272 2724 13.
1285 2684 1312 2724 et

259 2751 321 2812 qnod
332 2754 414 2810 sponte
430 2747 560 2807 susceperit
569 2747 707 2797 Phaedriam.
725 2749 757 2795 D.
807 2745 879 2792 Gran.
892 2747 922 2793 ad
929 2748 1010 2794 Seneo.
1019 2747 1049 2795 de
1057 2748 1109 2795 ben.
1118 2748 1156 2794 IV
1157 2781 1164 2794 .
1173 2751 1213 2795 12.
1230 2749 1264 2797 R.
1273 2751 1307 2795 D.

292 2822 331 2869 Sat
342 2819 417 2883 habet]
428 2821 449 2866 1.
461 2833 481 2867 e.
493 2825 614 2867 contentus
626 2827 668 2867 eat.
679 2822 759 2868 Caesar
838 2820 871 2867 86
883 2818 954 2873 Quem
961 2833 1048 2882 egaeae
1055 2827 1112 2879 pato
1119 2819 1182 2883 irfia
1192 2824 1262 2869 omnia
1270 2824 1310 2869 ia-

255 2895 289 2941 'de
299 2895 328 2940 B.
337 2894 367 2939 G.
379 2891 428 2938 Ill.
438 2893 479 2938 46.
490 2891 588 2952 mirare
598 2890 705 2939 habebam
712 2895 759 2940 aiae
799 2887 867 2951 fimas
880 2889 986 2955 leminea]
1002 2892 1103 2939 lllultunr
1114 2891 1183 2949 dixit,
1196 2893 1261 2959 ὄψα
1270 2896 1308 2941 ia-

258 2966 387 3012 detrimento
403 2963 519 3010 discedere.
534 2962 597 3024 Nep.
616 2954 640 3009 in
651 2964 756 3025 Epamin.
799 2960 945 3023 fimaeamaie
955 2964 1057 3012 lamaec
1090 2966 1152 3012 Nern
1163 2965 1309 3014 haerentem·

260 3053 281 3083 e.
300 3040 323 3083 8.
340 3042 367 3083 ut
380 3034 540 3082 lacedemonii
555 3035 607 3083 sotir
621 3036 725 3084 laterem
739 3038 759 3084 ri
806 3033 840 3080 tia
857 3035 915 3090 vult,
932 3035 998 3083 illum
1013 3035 1127 3084 hominem
1142 3037 1220 3084 cervia
1236 3039 1310 3086 etiem

259 3110 315 3156 calvi
325 3114 462 3168 eremi.
470 3123 493 3153 v.
503 3106 620 3153 Drakenb.
630 3108 659 3155 ad
666 3109 720 3156 Liv.
727 3110 757 3157 V.
806 3120 858 3155 oete
873 3109 990 3170 pejorem:
1007 3107 1062 3170 quia
1075 3115 1099 3156 et
1115 3123 1207 3165 renue,
1222 3110 1309 3170 honro3

261 3183 300 3227 21.
318 3181 347 3227 n.
359 3178 390 3225 D.
806 3184 832 3226 ut
846 3179 870 3227 in
881 3180 1030 3238 Phormione,
1039 3180 1310 3231 mnumhamiaemcaa·

291 3254 324 3302 33
339 3250 440 3312 Apparet
448 3265 534 3298 sermm
550 3250 611 3299 haere
620 3267 662 3301 erre
674 3254 759 3302 domiai
805 3266 853 3299 tom
862 3268 926 3300 arare
935 3253 993 3317 leges
1002 3270 1047 3300 aaa
1055 3255 1140 3301 amant.
1148 3246 1151 3253 ⁴
1158 3253 1191 3301 D.

256 3321 373 3387 pauperis]
396 3320 522 3369 Tristioree
540 3323 601 3369 eninr
622 3330 674 3372 runt
695 3328 758 3375 cerri
838 3322 1169 3389 Infraomaeeiafimaffl’riac.
1181 3328 1223 3375 lib.
1235 3329 1308 3379 XIV.

256 3410 393 3459 pauperum,
401 3399 428 3441 et
437 3395 467 3439 ob
477 3395 521 3442 lico
536 3395 614 3456 ipsum
628 3397 758 3458 nequiores.
807 3396 885 3444 Plaut.
894 3398 968 3445 Stich.
974 3398 1024 3445 111.
1036 3401 1059 3445 2.
1070 3400 1111 3445 3⁷.
1120 3396 1309 3466 infimatnmirfi-

205 3486 208 3494 Χ
256 3475 283 3517 et
291 3468 335 3515 lroc
346 3466 430 3515 melina
441 3471 505 3513 erat:
521 3467 627 3529 quamvis
641 3469 701 3515 illnd
714 3470 757 3517 ali·
805 3483 861 3515 mar.
879 3470 908 3517 1..

255 3540 417 3602 terpararitue
428 3546 537 3599 exponat.
571 3537 663 3588 Domini
672 3556 757 3602 paope-
826 3539 943 3606 ·Utiafra
959 3544 1003 3589 rub
1013 3542 1085 3590 icturn
1095 3543 1181 3601 reniet,
1192 3560 1245 3592 cnm
1257 3545 1309 3593 Do-

255 3616 289 3661 rta
306 3612 432 3676 memque]
461 3613 527 3660 Bene
547 3613 652 3663 additum
671 3618 756 3664 maeri:
804 3613 1050 3678 natoleg.infraeree.
1067 3616 1098 3662 Β.

256 3686 366 3747 quianon
377 3686 486 3734 continuo
496 3701 584 3746 pauper
600 3686 670 3734 etiam
685 3689 757 3736 miser
836 3683 905 3750 Imfra
921 3685 1019 3749 infimae]
1035 3689 1057 3733 1.
1077 3703 1100 3734 e.
1114 3688 1232 3750 chiantim,
1252 3706 1311 3741 aon·

257 3768 302 3806 eet.
319 3761 351 3805 D.
804 3758 901 3806 terntiur.
913 3758 985 3806 ovid.
994 3759 1068 3808 'frist
1080 3760 1110 3807 V.
1123 3762 1147 3807 8·.
1158 3764 1182 3810 1.
1193 3771 1241 3808 aaa
1251 3764 1311 3810 adea

288 3834 322 3879 34
338 3827 399 3877 Nam
413 3830 485 3877 hercle
495 3846 558 3880 nemo
570 3831 651 3895 portet]
667 3833 755 3879 Securi·
804 3831 1312 3898 eecidtqaamoieatq'ectaeatim'ral'eqnaque

256 3902 313 3949 durn
327 3901 395 3957 illud,
405 3904 447 3956 ait,
461 3904 505 3959 aio,
517 3905 630 3965 approbet
640 3906 756 3965 peruritur
803 3904 853 3961 mm,
861 3902 957 3969 inferiae
965 3921 1007 3967 qao
1015 3905 1075 3952 attat
1085 3913 1210 3967 etrepatea.
1227 3909 1260 3955 R.
1273 3911 1308 3957 D.

256 3974 319 4037 quod
333 3973 400 4020 miles
416 3974 486 4021 dixit.
520 3977 552 4022 Et
567 3984 603 4024 eat
617 3979 684 4033 ordo,
701 3993 755 4025 aam
837 3979 869 4025 3⁷
882 3976 928 4030 Qut
938 3977 991 4025 lroie
1002 3979 1103 4025 animam
1109 3981 1310 4028 acentueiindaa-

256 4045 328 4093 terea
338 4046 391 4092 satie
405 4047 456 4103 acia,
474 4061 537 4094 nemo
549 4057 617 4109 portet
628 4048 688 4096 lione
700 4064 755 4110 per-
804 4047 858 4111 aie]
878 4048 991 4110 Proprie:
1014 4066 1067 4099 narn
1081 4052 1170 4098 animm
1185 4053 1310 4102 Mami-rm

252 4118 310 4180 peti,
319 4114 358 4181 q'ni
368 4116 463 4175 tatem
474 4121 512 4181 pa·
527 4123 700 4181 parentalium
709 4137 755 4170 rer·
802 4120 927 4169 advenum
935 4121 1038 4182 objectae
1049 4121 1204 4171 diffiadnter.
1222 4124 1255 4171 D.

254 4204 316 4249 epm.
349 4186 410 4236 Nam
426 4190 498 4238 terete
507 4206 569 4238 mma
581 4192 661 4256 pauet]
677 4194 754 4242 Aliam
799 4218 802 4224 ι
836 4194 924 4241 Vernae
932 4195 1009 4256 gratia
1023 4211 1076 4244 cun
1091 4196 1183 4245 duobus
1198 4198 1269 4245 codd.
1282 4207 1310 4247 et

255 4274 347 4310 canem
364 4261 506 4310 subtiliorem
517 4264 619 4327 arrigunt
631 4267 754 4327 punitur,
803 4266 926 4330 edd-M.
936 4266 998 4329 lege,
1011 4267 1064 4318 leaic
1078 4270 1186 4317 Μηνὶ
1201 4271 1308 4318 animam

256 4348 324 4393 qum
333 4334 587 4396 quamdixentrnilea.
606 4338 658 4389 D..
805 4339 923 4389 inducetis.
945 4341 973 4387 B.
1088 4344 1096 4361 ‘
