2917 4950
492 386 609 453 Act.
636 385 687 453 II.
714 387 891 454 scENA
915 390 986 455 ΙΙΙ.
1055 424 1059 431 ’

219 566 325 636 Cnrs.
347 565 396 632 At
408 570 474 635 boc
490 571 644 666 sember,
666 574 727 658 qui
741 579 811 639 tam
823 573 928 639 facile
942 576 1093 660 potueris

218 681 429 773 Persuadere
445 682 507 761 illi,
531 705 609 767 quse
625 685 713 749 solet
730 704 818 768 quos
834 686 1010 770 spernere!

1203 387 1265 453 581

1209 581 1267 639 121

221 793 259 857 S.
282 792 325 858 In
339 795 548 880 temporced
563 816 640 861 eam
653 796 744 874 veni,
761 796 854 880 quod
867 814 978 860 rerum
992 795 1184 863 omnium’st

220 903 390 969 Primum:
413 924 491 969 nam
507 907 675 989 quendam
689 909 810 973 misere
827 905 950 973 offendi
963 905 1104 974 militem
1192 900 1195 909 ⁴

219 1014 304 1099 Ejus
318 1021 453 1081 noctem
468 1021 637 1081 orantem:
659 1018 735 1083 haec
751 1022 821 1082 arte
835 1019 1004 1083 tractabat
1017 1020 1139 1097 virum,
1207 1027 1267 1085 125

220 1125 270 1191 Ut
283 1128 374 1192 illius
389 1129 537 1192 animum
551 1129 712 1213 cupidum
725 1131 845 1215 inopia
858 1129 1071 1221 incenderet:

221 1240 419 1326 Eademque
428 1244 470 1307 'ut
484 1248 574 1308 esset
588 1244 681 1327 apud
695 1248 727 1308 tc
742 1244 808 1308 boc
824 1261 927 1325 quam
944 1242 1146 1323 gratissima.

219 1421 298 1470 timeo.
333 1421 438 1471 Iitobore
453 1424 546 1487 proprio
563 1431 600 1471 est
620 1425 718 1486 pedibus

219 1509 266 1542 non
276 1494 373 1542 volentis
383 1495 498 1552 insistere,
507 1496 585 1557 quales
591 1505 645 1544 sunt
652 1497 719 1544 ebrii.

220 1569 258 1615 Ad
271 1568 369 1615 animum
380 1585 470 1632 quoque
486 1560 620 1617 transfertur
630 1570 719 1632 quoties
752 1609 754 1620 .

221 1643 258 1688 ab
271 1642 346 1688 animo
367 1644 440 1689 verbs
455 1642 604 1690 dissentiunt.
622 1643 720 1690 Veretur

221 1712 292 1775 igitur
300 1712 411 1776 Clitipho,
418 1731 447 1763 ne
457 1715 513 1776 quid
522 1722 609 1762 temere
617 1714 721 1763 effundat

221 1802 267 1847 quo
279 1803 303 1833 se
313 1787 409 1834 indicet.
427 1786 566 1834 Perdocte'tt
574 1785 651 1848 probe]
670 1784 720 1834 Ant

218 1859 359 1923 perpoetice
371 1852 479 1918 abundat,
491 1862 609 1922 autprobe.
627 1861 654 1906 C.
691 1884 693 1889 ·

255 1933 355 1998 Titubet]
373 1933 478 1981 litebnre
488 1935 582 1997 proprie
594 1933 680 1981 dicitur
690 1935 720 1981 (le

220 2006 319 2067 pedibus
329 2006 498 2064 vacillantibus,
515 2009 576 2056 nude
588 2007 721 2054 transfertur

221 2079 252 2125 sd
262 2076 364 2139 lingum
376 2086 496 2126 errantem.
507 2081 584 2127 Plant.
595 2081 620 2126 in
631 2080 719 2126 Pseud.

122 2164 125 2169 ⁴
221 2151 266 2198 1v.
281 2154 302 2197 1.
312 2154 353 2199 32.
363 2152 403 2200 nbi
414 2168 436 2198 v.
449 2154 551 2200 Gronov.
569 2154 599 2199 R.
612 2152 643 2198 D.

254 2225 302 2272 122
320 2222 377 2276 Quo
385 2224 436 2271 solet
448 2239 499 2286 quos
508 2224 635 2286 sperneret]
653 2224 720 2280 Quor,

221 2296 247 2343 id
258 2302 302 2353 est,
311 2297 391 2358 quales
399 2303 520 2345 amatores.
536 2297 602 2360 Virg.
611 2296 667 2344 AEn.
676 2297 720 2343 lv.

223 2370 279 2418 536.
292 2384 344 2430 quot
354 2385 394 2433 ege
403 2385 452 2417 som
463 2372 586 2433 testejam
599 2371 721 2434 dedignata

221 2444 319 2490 moriter.
336 2443 364 2490 0.

256 2515 315 2570 Quos
324 2516 435 2580 summ]
451 2516 473 2564 I.
484 2532 505 2564 e.
517 2523 621 2579 quantos,
632 2532 720 2564 summo

220 2586 274 2633 loco
293 2593 316 2634 et
332 2588 427 2635 summis
446 2589 529 2650 opibus
553 2590 719 2637 adolescentes.

221 2659 337 2721 Exempla
346 2661 414 2721 hujus
422 2661 596 2723 significationis
603 2663 720 2724 soprade-

220 2732 304 2780 dimus.
320 2734 351 2779 R.
364 2735 397 2781 D.

247 2803 348 2855 ’123111
361 2813 453 2869 tempore
472 2810 503 2855 od
519 2809 578 2872 eom]
604 2811 634 2856 Io
652 2808 718 2858 ocos-

221 2877 295 2926 sione.
312 2881 355 2936 Ut,
366 2881 419 2927 AEn.
430 2883 474 2928 lv.
487 2885 543 2931 423.
554 2882 600 2929 sola
610 2884 654 2932 oiri
664 2883 718 2931 osol-
749 2889 751 2892 ’

221 2952 554 3016 ksoditusettemporonoros.
571 2958 600 3004 E.
629 2954 631 2958 ’

218 3045 221 3048 *
254 3023 284 3071 In
295 3034 387 3086 tempore
395 3028 426 3072 ori
435 3028 493 3092 eom]
511 3028 599 3076 Annon.
609 3028 634 3077 in
645 3030 719 3077 Pitta-

222 3113 264 3145 co:
282 3096 384 3146 Remum
399 3101 429 3147 sic
444 3108 476 3147 ert
487 3116 536 3156 cor,
549 3104 656 3151 venitote
667 3112 719 3150 tem·

218 3186 286 3232 pere:
303 3180 373 3219 cester
383 3188 466 3236 quoque
483 3174 522 3221 ite
535 3178 629 3224 commus
640 3177 720 3224 Tereo·

221 3247 268 3292 ties
278 3260 356 3293 rerem
370 3248 469 3293 omnium
476 3249 576 3307 primum
585 3265 627 3297 esse
637 3260 720 3312 ternpus

221 3325 333 3376 aemma,
345 3320 375 3366 ad
386 3319 670 3382 Antipiiiomquoeerrerot
676 3340 719 3371 ser·

219 3405 262 3437 eus
272 3389 363 3438 Dromo.
388 3389 458 3438 Natio
471 3385 605 3453 imsieditam,
621 3397 721 3457 terporis

219 3465 392 3511 seroorrsoicem.
410 3465 523 3511 Dromoni
529 3466 636 3514 attribuit
641 3479 719 3529 partes

220 3537 346 3594 Ausonius,
357 3553 408 3598 que
420 3537 475 3599 Syri
486 3544 547 3596 sunt,
558 3541 683 3598 memorie,
694 3548 719 3590 ut

219 3616 287 3670 puto,
296 3609 370 3672 lapsu.
388 3612 418 3658 1..

255 3686 304 3730 124
320 3683 428 3732 Miserum
438 3687 547 3747 qnemdom
553 3685 645 3753 offenb]
657 3689 720 3736 Reo-

207 3761 244 3817 te
253 3757 356 3804 miserum
366 3757 436 3815 dixit,
446 3767 472 3805 ut
482 3753 613 3807 ostenderet
619 3769 668 3808 'non
679 3762 720 3809 sti·

215 3827 396 3886 missurusne,
407 3830 498 3890 scilicet
507 3833 641 3880 meretricis.
659 3834 686 3881 C.

214 3919 217 3924 ·
256 3901 372 3956 Quosdam
386 3901 469 3968 offendi
481 3905 583 3970 militem]
600 3908 659 3953 Haeo
676 3907 720 3955 suit

222 3976 322 4033 occasio,
333 3978 395 4038 quod
412 3978 485 4026 voluit
499 3979 610 4028 miserum
623 3980 720 4027 militem

220 4049 251 4096 rle
267 4050 387 4111 negatione
406 4067 447 4100 sua
463 4052 490 4099 in
505 4068 606 4101 amaron
622 4053 719 4116 amplius

220 4122 339 4170 suscitare.
357 4124 386 4171 Ε.

152 4225 153 4228 ¹
254 4192 335 4243 Misere
342 4195 434 4262 offendi]
443 4200 490 4247 Mo.
501 4200 534 4249 st.
541 4201 644 4249 miemm
651 4199 719 4264 offers·

220 4266 246 4313 di
256 4268 287 4314 ibi
297 4269 397 4317 militem.
415 4272 445 4319 1..

253 4339 394 4394 Senonum
405 4344 487 4396 111111.
509 4347 593 4404 mun,
608 4331 719 4409 axinus,

769 1423 851 1469 nirnisr.
865 1421 920 1483 quin
929 1435 991 1466 omne
1007 1422 1102 1467 nimium
1118 1437 1163 1469 tren
1178 1423 1266 1472 bouem.

769 1494 845 1543 Alibi:
857 1496 1178 1544 eemmisereomut.Fsearr.
1195 1498 1268 1559 Equi-

769 1568 1191 1628 demlegendumput03uommiserum
1197 1574 1268 1633 quen-

769 1641 821 1686 dom
834 1638 916 1704 offendi
933 1639 964 1685 ibi
980 1639 1080 1686 mititem.
1108 1643 1170 1688 Nem
1187 1659 1267 1692 omnes

769 1713 842 1760 nostri
850 1712 885 1759 sio
895 1713 982 1772 legunt,
992 1712 1033 1759 sed
1044 1712 1094 1759 sine
1105 1714 1143 1769 ibi,
1160 1717 1222 1775 quod
1232 1725 1268 1763 ts·

769 1800 821 1831 rnen
832 1785 947 1846 reperitur
960 1784 986 1831 in
1001 1784 1062 1840 eliis,
1077 1786 1118 1832 ubi
1131 1787 1206 1832 misere
1222 1794 1267 1835 est.

769 1857 839 1904 cerro
849 1859 959 1914 miserum,
974 1859 998 1903 b.
1010 1873 1031 1904 e.
1041 1873 1144 1919 parcum,
1154 1864 1266 1918 tenacem,

771 1939 797 1979 ut
813 1932 874 1978 infra
888 1932 938 1978 III.
958 1934 982 1978 2.
1001 1932 1040 1978 1⁵.
1059 1946 1140 1978 sensus
1156 1933 1267 1992 postulat.

770 2004 826 2052 Nisi
836 2005 897 2051 enim
904 2019 986 2066 parcus
994 2010 1064 2058 esset,
1076 2019 1117 2050 cur
1127 2011 1175 2050 erte
1182 2010 1267 2050 trocta-

770 2076 819 2124 ret?
837 2078 862 2124 Si
871 2077 990 2139 prodigos,
1001 2075 1113 2123 meretrix
1123 2075 1200 2123 statim
1210 2092 1267 2124 noc·

769 2155 817 2196 tem
825 2150 937 2196 dedisset.
954 2149 984 2194 B.
1169 2192 1171 2196 ,

802 2225 850 2270 125
867 2220 970 2285 Noctem]
987 2222 1009 2268 I.
1021 2238 1042 2269 e.
1052 2221 1204 2270 concubitum.
1216 2223 1265 2272 Cic.

770 2296 800 2341 sd
810 2294 881 2341 Attio.
892 2295 912 2341 1.
927 2297 966 2341 16.
982 2295 1050 2341 etiem
1067 2302 1139 2343 noctes
1153 2304 1266 2343 tenentia

769 2367 889 2414 molientur
905 2375 971 2428 otqrre
985 2366 1195 2414 adolescentulorum
1206 2369 1267 2415 uobi-

769 2439 826 2488 lium
839 2440 1011 2496 introductione
1026 2440 1140 2489 manuue
1148 2441 1266 2503 judicibes

766 2529 809 2575 pre
816 2515 919 2561 merdis
926 2513 1014 2560 cumulo
1015 2512 1126 2577 fuerunt.
1136 2513 1266 2563 0111111..

768 2587 832 2633 med.
842 2586 920 2633 Amor.
931 2586 961 2631 V.
969 2589 1025 2633 728.
1032 2603 1056 2632 v.
1064 2585 1146 2632 Heius.
1153 2587 1183 2632 ed
1191 2587 1265 2636 ovid.

769 2659 819 2706 Art.
829 2659 972 2706 Amator.II.
983 2662 1040 2708 308.
1057 2661 1086 2705 B.
1097 2658 1131 2704 1).
1171 2701 1173 2704 ,

800 2733 855 2780 Are
869 2732 981 2780 emebat
994 2732 1079 2795 cirtem]
1105 2732 1165 2780 1..e.
1183 2735 1267 2783 astuta

767 2806 905 2858 mereuicia.
922 2805 988 2866 Virg.
1006 2804 1062 2851 AEn.
1080 2805 1102 2850 1.
1118 2807 1174 2855 657.
1189 2809 1231 2856 ubi
1241 2826 1266 2856 v.

767 2880 882 2927 Servium.
911 2878 1018 2927 Tractare
1037 2878 1133 2941 aliquem
1152 2880 1267 2940 significat

767 2953 868 3014 aliquem
878 2968 921 3000 suo
931 2951 1042 2999 arbitratu
1049 2952 1138 2999 ludere.
1148 2952 1207 3001 infre
1217 2956 1266 3005 111.

768 3027 794 3074 2.
807 3030 847 3076 45.
865 3043 888 3075 v.
906 3026 1019 3074 Pricaeum
1037 3026 1067 3073 sd
1085 3026 1156 3087 Apul.
1171 3029 1266 3078 Metam.

768 3100 838 3147 VIII.
850 3115 874 3160 p.
887 3101 943 3147 461.
954 3105 979 3145 et
988 3100 1112 3147 Burmann.
1127 3101 1157 3148 sd
1174 3103 1265 3151 Petron.

768 3188 789 3219 0.
801 3175 840 3220 44.
852 3188 875 3233 p.
886 3175 942 3219 err.
958 3172 988 3219 11.
999 3172 1030 3218 D.

768 3261 770 3267 ·
802 3243 957 3307 1261111116]
981 3244 1076 3293 Scilicet
1093 3245 1138 3294 sni.
1157 3248 1266 3305 Ovidius,

769 3322 848 3365 Amor.
863 3319 912 3365 111.
930 3324 954 3367 4.
972 3321 1011 3366 17.
1028 3320 1122 3374 nitimur
1134 3322 1160 3367 in
1173 3323 1266 3369 vetitum

768 3405 858 3452 semper,
867 3393 1010 3452 cupimusque
1018 3401 1108 3453 uegeto.
1124 3392 1152 3438 G.

803 3462 926 3524 Cupitum]
943 3462 1003 3508 Haec
1016 3478 1063 3508 vox
1076 3464 1170 3524 proprie
1181 3464 1267 3513 dicitnr

769 3537 798 3582 de
807 3536 934 3583 amantibus
945 3535 983 3582 vel
993 3534 1090 3581 libidine
1100 3537 1207 3585 incensis.
1224 3539 1266 3587 'ri-

768 3609 825 3657 bnll.
842 3611 863 3656 1.
880 3613 904 3658 9.
918 3610 959 3657 58.
969 3607 1010 3655 ubi
1020 3609 1087 3668 plura
1097 3611 1229 3659 Broukbns.
1240 3612 1265 3659 in

768 3683 864 3730 Pborm.
875 3684 896 3730 Ι.
908 3686 932 3730 3.
944 3685 967 3729 6.
982 3683 1011 3728 Β.
1024 3683 1056 3729 D.
1087 3715 1089 3720 »

765 3777 768 3778 ⁷
801 3753 892 3818 Iucpio]
909 3756 955 3802 Est
963 3754 1055 3815 negatio
1063 3755 1142 3816 petitas
1158 3755 1266 3804 noctiset

769 3827 892 3889 opponitur
902 3828 975 3888 copie
991 3842 1058 3888 quam
1072 3828 1108 3875 eui
1116 3828 1176 3876 lacit
1186 3846 1266 3878 mere·

769 3902 824 3950 trix.
841 3904 877 3949 Eo
888 3916 958 3950 sensu
966 3901 1048 3963 inopis
1057 3902 1100 3949 vix
1108 3902 1164 3950 alibi
1177 3903 1267 3965 reperi-

768 3976 941 4098 turitlllllecte
953 4049 1056 4097 Faernus
1064 4051 1148 4113 probat
1160 4051 1266 4098 Bembini

766 4126 917 4188 ςταῒίεεὶωιιω
925 4142 968 4189 pro
977 4125 1068 4187 vulgari
1074 4126 1209 4189 gratissimo.
1220 4125 1265 4173 cui

767 4199 842 4245 eodem
854 4199 1015 4247 adverbialiter
1026 4198 1158 4246 sumendum
1166 4196 1267 4253 videtur,

762 4270 803 4317 uti
816 4287 908 4333 quoque
924 4287 938 4319 s
954 4271 1076 4319 scholiaste
1092 4271 1175 4318 Bemb.
1187 4269 1265 4330 expli·
1364 4264 1366 4268 ’

767 4352 841 4404 cetur,
851 4348 977 4409 eademque,
984 4345 1075 4408 1111ὲί11111
1079 4344 1151 4407 pontit
1157 4357 1199 4404 pro
1208 4358 1263 4391 sne.
