2917 4950
458 427 576 496 ACT.
600 427 664 494 IV.
707 421 888 492 SCENA
910 421 975 489 lv.
1171 422 1240 488 629

186 612 227 679 C.
245 613 375 693 Metuo,
387 614 469 699 quid
486 635 595 699 egum.
640 616 678 681 S.
693 616 847 682 Metuis?
865 601 971 698 ‘quasi
985 630 1055 677 uon
1068 630 1111 676 ee
1126 617 1241 696 potes-

315 732 369 791 tas
385 728 429 792 sit
443 735 513 805 tua,
1070 761 1072 768 s

186 834 266 915 Quo
281 837 368 903 velis
382 837 419 902 in
433 844 585 923 tempore
600 844 638 905 nt
652 844 685 904 te
697 839 875 916 exsolvite,
888 857 960 902 rem
980 836 1091 902 facies
1105 834 1239 918 palam.

186 943 228 1010 0.
243 945 329 1031 Age,
341 967 415 1031 ege,
427 950 624 1016 traducatur
632 950 793 1017 Bacchis.
839 949 876 1016 S.
891 949 1056 1034 Optume;
1078 948 1157 1033 ipsu
1170 946 1242 1012 exit

314 1058 419 1126 foras.
582 1081 586 1090 1

425 1423 550 1500 ACT.
588 1425 658 1502 IV.
703 1423 890 1502 SCENA
929 1426 1000 1504 IV.

336 1622 487 1675 Bsccffls.
503 1625 626 1675 currit.
643 1627 761 1679 SYRUS.
779 1629 910 1678 DROMO·
928 1629 1091 1677 Pneueit.

231 1760 366 1829 SATIS
392 1765 453 1849 pol
475 1771 632 1850 proterve
657 1789 711 1834 me
733 1769 811 1853 Syri
833 1769 1004 1855 promisse
1023 1769 1090 1834 huc
1117 1768 1240 1835 indux-

317 1882 434 1944 erunt:
464 1905 466 1909 ’

188 1984 320 2054 Decem
333 1990 454 2069 mium,
468 2010 556 2075 ques
569 1992 653 2057 mihi
674 1992 756 2059 dure
771 1993 946 2078 pollicitus
970 1998 1034 2059 est.
1056 1994 1149 2077 quod
1163 1993 1194 2058 si
1208 1994 1240 2059 is
1289 2007 1292 2011 ·

317 2119 407 2165 nunc

189 2213 249 2279 Me
269 2212 451 2300 deceperit,
475 2235 570 2303 saepe
593 2221 779 2285 obsecrans
800 2237 867 2296 me,
889 2222 927 2281 ut
949 2217 1096 2296 veniam,
1117 2214 1244 2281 frustra

319 2327 451 2394 veniet:

188 2513 690 2577 vusoptantisvelmetuentis.v.Beutl.td
740 2518 816 2568 loric.
850 2519 912 2566 Num
924 2517 1053 2578 promittere
1067 2523 1104 2562 est
1120 2515 1243 2577 polliceri:

189 2586 251 2634 Hor.
261 2587 331 2649 epist.
340 2589 362 2635 Ι.
374 2592 414 2637 16.
424 2593 447 2638 8.
739 2598 764 2640 et
779 2592 808 2638 td
823 2587 1007 2652 magnitudinem,
1024 2588 1121 2636 nutrire.
1143 2588 1242 2636 Plautus

223 2660 391 2714 Quidsimunc
399 2662 478 2710 culum
488 2662 554 2726 ruat]
565 2663 691 2712 Picverbi-
740 2665 805 2713 llud.
820 2665 857 2712 ΙΙ.
875 2667 899 2712 3.
919 2667 960 2712 46.
977 2662 1085 2724 capillum
1102 2661 1242 2722 promittam.

189 2749 228 2780 nm
241 2734 270 2781 de
278 2734 309 2782 iis
325 2734 365 2795 qni
376 2736 452 2783 omnin
462 2737 552 2785 limem,
565 2752 587 2785 r.
599 2737 691 2785 Emmi
740 2735 864 2800 Promissa]
883 2734 978 2782 Dicitur
997 2735 1127 2797 promissum
1147 2741 1171 2780 et
1190 2749 1243 2794 pro·

188 2806 256 2867 udng.
278 2808 307 2853 R.
320 2808 352 2853 D.
739 2810 818 2856 micio.
847 2806 1242 2868 Promissioetpcllicitctioenndem

221 2882 254 2925 42
268 2878 340 2933 Quasi
349 2893 376 2926 co
383 2888 476 2940 potatos
485 2897 531 2929 mom
539 2880 579 2944 rit]
588 2882 689 2931 Pulolrre
739 2883 786 2931 viru
798 2882 889 2930 habeut.
900 2880 940 2927 sed
950 2878 1093 2941 pollicitatio,
1101 2877 1195 2939 majoris
1205 2894 1244 2926 ss·

189 2953 566 3016 persuadetutftoistlrooqnod
575 2963 689 3013 mouetur,
739 2954 891 3004 retentionis
901 2960 946 3000 est.
975 2950 1244 3015 Hucimdnccmmtssm

189 3039 241 3071 cum
261 3024 321 3073 dicit
336 3025 360 3073 in
378 3032 495 3086 potestate
512 3029 564 3088 ejus
579 3028 690 3083 futurum,
739 3026 932 3088 dmtmratiqnis,
943 3042 996 3073 cum
1008 3024 1087 3072 verbis
1095 3023 1191 3071 ulterius
1201 3025 1244 3072 de·

189 3113 235 3158 quo
245 3097 304 3146 velit
314 3104 425 3162 tempore,
436 3105 463 3146 ut
473 3115 499 3146 se
508 3099 623 3148 exsolvit.
643 3100 672 3147 lt.
739 3100 832 3161 cipitur.
866 3102 896 3147 Iu
909 3097 1006 3154 Andria,
1015 3095 1068 3145 vide·
1075 3111 1118 3159 pcc
1126 3110 1160 3143 nte
1175 3097 1244 3145 iado-

223 3170 295 3224 thci
307 3187 352 3218 mon
364 3187 391 3218 ca
402 3171 509 3235 pmsrtas]
523 3173 570 3219 Pro
582 3172 647 3233 qussi
664 3172 690 3220 id
738 3188 782 3221 cus.
799 3175 827 3222 0.

188 3258 235 3290 nou
250 3244 282 3291 sit
292 3244 315 3290 in
325 3251 439 3304 potestate
449 3251 497 3293 tua.
514 3244 565 3292 (lio.
577 3246 608 3292 ud
618 3245 690 3293 Attio.
772 3244 838 3302 satu,
847 3244 892 3307 pol,
901 3242 1012 3306 proteres]
1024 3242 1087 3290 Satis
1097 3258 1186 3304 uspere.
1212 3244 1243 3291 Ε.

188 3317 233 3362 IV.
244 3322 268 3366 2.
278 3316 341 3364 idem
351 3317 376 3363 in
383 3316 462 3364 Votis.
475 3333 496 3365 c.
504 3320 544 3364 17.
555 3334 578 3365 r·
587 3319 691 3365 Gronov.
774 3319 831 3366 Noli
845 3325 900 3378 post
909 3317 1047 3365 inducerent
1060 3316 1190 3377 pleniorem
1201 3330 1245 3376 po·

190 3389 431 3450 stueton.Aug.c.
444 3392 483 3438 13.
504 3389 536 3438 u.
545 3391 577 3437 D.
740 3406 795 3439 nere
807 3390 986 3438 distinctionem.
1009 3388 1245 3449 Deccmmimcspuos,

221 3466 254 3511 43
270 3460 416 3527 Remfnciar]
424 3461 653 3528 V.0.ctremfaeias.
663 3464 690 3514 L.
742 3464 765 3511 ln.
775 3480 797 3511 e.
805 3465 878 3511 decem
886 3466 951 3510 miae
961 3475 1022 3523 quas.
1057 3461 1098 3507 Sic
1108 3459 1168 3507 And.
1178 3460 1244 3508 Prcl.

221 3538 256 3582 44
270 3535 327 3600 Age,
343 3536 396 3600 ege]
414 3536 468 3583 Vox
481 3535 657 3593 consentientis,
668 3544 693 3584 et
742 3539 766 3586 3.
776 3546 802 3585 et
811 3551 882 3598 suprn
891 3536 935 3583 IV.
943 3542 966 3582 1.
977 3537 1018 3581 41.
1037 3533 1067 3580 B.

190 3607 230 3671 qni
242 3609 319 3657 rictus
329 3614 366 3656 est
379 3609 510 3666 rationibus
526 3609 605 3656 callidi
622 3609 691 3656 servi.
775 3607 955 3671 Proterce]1.e.
967 3614 1063 3662 temere,
1074 3605 1245 3653 inconsiderate

191 3680 285 3743 Ομαηω
304 3681 361 3745 crit]
382 3683 508 3745 nemci
534 3688 571 3730 est
596 3681 692 3730 ulterius
742 3684 767 3731 in
782 3684 843 3731 Heu.
854 3683 902 3730 111.
913 3682 938 3730 5.
949 3682 990 3730 53.
1000 3680 1040 3728 ubi
1052 3696 1075 3728 r.
1087 3679 1245 3727 Dountiutrs

190 3770 273 3802 scente.
298 3756 326 3805 0.
741 3757 785 3805 IV.
798 3758 874 3803 6.10.
895 3754 927 3801 R.
940 3754 971 3800 D.

223 3831 237 3875 1
256 3826 322 3885 Setis,
330 3828 377 3890 pol,
392 3828 505 3892 materne]
517 3829 601 3878 Restm
611 3829 641 3877 nd
649 3830 691 3878 fnl-
775 3826 926 3889 2Pcllicitct]
931 3824 1065 3874 Polliccmar
1071 3824 1144 3887 magis
1150 3831 1245 3888 sponte:

154 3958 158 3965 Α
189 3901 273 3949 lucium
284 3908 308 3949 et
322 3903 548 3965 sdextorquendum
563 3912 692 3964 argentum,
739 3899 985 3964 promittimurmgnti.
1004 3901 1033 3948 c.

189 3980 216 4020 nt
227 3974 327 4021 Boeotis
336 3973 490 4036 usmssyrc
500 3974 613 4036 placetur,
628 3976 692 4023 etad
775 3975 873 4034 Repone
883 3973 914 4020 cb
928 3987 1028 4030 uersum,
1044 3971 1099 4019 darc
1114 3979 1145 4020 cct
1159 3971 1246 4035 pollici·

190 4046 354 4094 Menedemum
367 4053 476 4095 truncest.
509 4047 569 4095 Satis
580 4048 629 4112 pol]
641 4049 693 4095 Me·
743 4055 788 4094 tus.
805 4047 835 4093 B.

116 4151 126 4165 .
189 4117 282 4166 tetricis
301 4120 436 4180 conquestio
457 4120 606 4182 exprimitur,
628 4123 693 4182 cujus
777 4117 859 4166 Decem
869 4121 941 4167 mimus
950 4116 1016 4182 prat]
1028 4117 1245 4166 Eudemccustrue-

190 4198 241 4238 tots
252 4189 381 4253 indignatio
388 4193 505 4255 dependet
512 4208 544 4240 ex
552 4207 599 4239 uon
609 4193 694 4240 tradita
743 4190 815 4248 tione,
824 4206 870 4252 qus
880 4191 904 4239 in
915 4190 1012 4253 prologo
1027 4191 1121 4238 Andrioe
1132 4207 1154 4238 v.
1166 4194 1191 4239 3.
1205 4206 1246 4251 po·

189 4264 299 4327 pecunia.
341 4264 462 4328 Promissa]
477 4266 561 4312 Cicero
578 4265 616 4330 (in
632 4266 694 4329 lng-
741 4264 798 4326 pulo
806 4273 833 4312 ut
841 4265 958 4325 placerent
967 4279 1021 4328 quas
1022 4260 1113 4328 sectaret
1115 4261 1212 4328 sedulus
1223 4263 1260 4311 v.'
1282 4262 1285 4267 ’

190 4337 296 4403 mentis),
308 4341 415 4400 mortius
429 4347 471 4386 toa
486 4339 593 4386 nimmia
612 4346 693 4386 teneus.
744 4343 793 4385 not.
815 4338 844 4384 lt.
857 4338 889 4384 D.

191 4411 268 4462 Aliter
277 4411 398 4475 accipitur,
409 4427 461 4461 cum
476 4412 577 4463 dicimus
586 4414 695 4475 memissa
777 4412 793 4458 3
813 4408 845 4457 Ut
855 4412 951 4470 ceriam
952 4409 1047 4476 frustra
1058 4407 1140 4472 cenmt]
1147 4408 1251 4475 Pulchra
