2917 4950
518 438 593 500 DE
604 434 850 555 reuerso
1086 441 1170 505 lxxxi
1233 432 1236 441 ¹

184 617 282 680 taoula
293 615 446 678 mulorum
458 624 703 707 proponerentur,
712 613 803 677 veluti
815 550 1171 697 pigneroranimum

183 698 357 806 birjumnodi
359 723 484 774 caeterae
503 715 628 797 populus
649 723 718 773 ante
736 712 899 773 metuam
912 714 1080 775 conedam
1100 716 1170 779 illuc

183 800 373 880 concurrerit,
384 810 427 869 ‘ad
438 810 504 870 locs
516 809 713 871 commodiora
731 810 911 888 occupanda,
925 798 1169 888 quemadmodum

183 905 245 985 ipse
257 915 345 984 poeta
357 906 550 984 conqueritm,
562 925 658 986 neque
657 915 787 984 propter
799 905 962 984 strepitum,
975 918 1007 966 et
1016 906 1170 969 mulierem

185 999 224 1061 de
242 1000 307 1063 loco
323 1001 513 1080 pugnantium
533 1002 699 1073 clamorem,
720 1001 831 1061 absolvi
851 1003 987 1081 potuerit
1028 1004 1115 1071 Quod
1130 1024 1169 1066 ne

183 1095 331 1177 accideret
338 1096 369 1156 in
377 1097 499 1176 publicis
509 1097 594 1169 ludis,
604 1096 739 1157 existimo
746 1096 926 1175 potissimum
932 1099 1055 1160 movisse
1066 1100 1170 1163 coium

185 1191 348 1264 Curionem,
363 1193 411 1272 qui
424 1193 502 1253 bello
515 1193 589 1254 civili
603 1194 633 1253 iu
643 1191 815 1259 Coesarianis
824 1193 952 1273 partibus
960 1195 1040 1265 obiit,
1051 1206 1084 1254 ut
1095 1197 1170 1255 theo·

166 1294 227 1347 ‘ha
240 1290 293 1347 dac
305 1290 404 1367 ligneo,
418 1308 511 1368 eaque
523 1289 701 1369 amplissime
709 1288 903 1369 excogitaret,
919 1290 948 1348 in
962 1291 1066 1369 quibus
1080 1292 1169 1352 etiam

183 1382 466 1459 duaeessentscenra,
474 1398 594 1467 propter
604 1397 802 1468 spectatorum
810 1387 1055 1457 commoditatem,
1079 1374 1169 1449 Erant

182 1491 279 1540 autem
294 1483 392 1563 ⁴(quod
404 1484 508 1543 mir‘u'm
518 1484 593 1561 fuist·
605 1482 756 1544 cardinum
776 1482 954 1561 singulorum
967 1485 1094 1546 versatili
1106 1500 1173 1575 sus-A

170 1584 272 1658 'pensa
283 1578 463 1652 libramento,
472 1581 566 1660 inquit
579 1580 697 1650 Plinius,
711 1600 730 1638 e
743 1579 846 1658 quibus
856 1581 1004 1661 utriusque
1015 1582 1168 1643 antemeri-

183 1673 268 1734 diano
280 1674 413 1736 ludorum
429 1676 595 1756 spectaculo
609 1676 696 1736 'edito
714 1677 837 1735 interae
856 1676 963 1736 arenis
978 1682 1028 1756 (ne
1043 1678 1169 1740 invicem

183 1771 383 1851 obstreperent
392 1772 499 1849 scenae)
513 1784 545 1835 et
554 1782 673 1855 repente
684 1771 876 1845 circumactis,
886 1782 919 1830 ut
929 1782 1032 1833 contra
1044 1784 1170 1847 starent3

182 1876 328 1945 postremo
335 1873 399 1944 jam
410 1868 457 1929 die
471 1869 715 1953 descendentibus
728 1867 844 1940 tabulis,
861 1878 892 1927 et
905 1868 1035 1929 omnibus
1047 1868 1124 1941 inter
1136 1889 1170 1931 se

86 1962 90 1969 ’
184 1962 362 2036 coeuntibus,
370 1963 497 2025 faciebat
506 1965 759 2046 amphitheatrum,
768 1976 798 2025 et
805 1965 995 2046 gladiatorium
1004 1967 1174 2048 spectacula

179 2059 299 2132 edebat,
308 2060 508 2143 ipsum'rnagis
521 2068 701 2124 auctoratum
712 2063 852 2143 populum
869 2062 1036 2125 Romanum
1049 2065 1172 2127 circum·

182 2152 287 2215 ferens.
327 2156 432 2237 ltaque
450 2158 540 2231 videa,
558 2159 802 2238 quemadmodum
815 2158 924 2217 scenici
933 2158 1003 2223 ,ludi
1017 2161 1088 2220 dum
1100 2180 1171 2240 age-

184 2261 291 2323 rentur,
305 2254 415 2312 aversis
433 2254 736 2329 theatris'ogebantur,
758 2272 796 2310 ne
815 2253 901 2313 turba
913 2253 1016 2314 fieret:
1037 2255 1107 2316 dum
1121 2277 1172 2317 aa·

184 2358 243 2407 tem
251 2338 493 2428 proponebantur,
508 2357 558 2407 ant
568 2346 806 2427 producebantur
820 2347 1004 2424 gladiatores,
1018 2351 1048 2411 in
1060 2354 1172 2432 amphi-

184 2434 512 2507 theatri'redueebantur
525 2443 655 2516 formam,
670 2443 740 2504 etin
749 2460 838 2504 unum
848 2442 906 2505 duo
919 2444 1034 2507 theatra
1045 2449 1171 2512 coibant.

186 2539 246 2600 Sed
265 2552 296 2602 et
309 2541 464 2601 novusimo
484 2540 531 2602 die
550 2541 602 2621 (ait
619 2539 708 2618 idem)
726 2537 823 2599 divisis
838 2540 951 2600 duabus
972 2561 1026 2620 per
1042 2545 1172 2608 medium

175 2631 285 2710 scenis,
298 2638 423 2698 athletas
434 2636 525 2698 edidit
537 2637 635 2709 Curio,
644 2636 789 2715 raptisque
802 2647 921 2715 repente
931 2656 948 2696 e
958 2639 1101 2698 contrario
1107 2642 1173 2719 pul.

183 2732 257 2811 pitis,
273 2733 377 2796 eodem
393 2733 450 2804 die,
471 2733 597 2794 victores
609 2731 918 2811 e'gladiatoribus‘suis
930 2733 1078 2812 produxit.
1119 2737 1173 2797 vi.
1214 2791 1218 2799 .

183 2829 235 2906 des
251 2829 496 2908 quemadmodum
509 2831 643 2907 pulpitum
660 2828 748 2889 etiam
760 2821 956 2901 auferebatur,
976 2829 1049 2890 dum
1063 2832 1173 2910 gladia·

183 2936 260 2988 tores
282 2925 451 3005 prodirent;
471 2944 539 2986 nam
558 2925 651 3004 ipsam
670 2944 768 2984 aream
787 2926 969 3003 occupabat:
992 2926 1050 2987 hoc
1072 2938 1172 2992 autem

184 3021 289 3082 iachim
302 3022 367 3095 fuit,
380 3020 473 3084 'fessis
490 3021 668 3101 turbatisqte
677 3021 845 3082 volubilium
856 3021 1036 3082 theatrorum
1050 3025 1174 3103 cardini-

183 3117 245 3178 bus.
286 3118 366 3180 Nam
376 3129 445 3182 aute
458 3138 517 3180 non
530 3129 592 3182 erat
602 3137 674 3197 opus
684 3116 813 3177 eximere
822 3116 975 3198 pulpitum,
990 3138 1057 3177 cum
1071 3131 1175 3181 contra

175 3224 293 3278 'staram
305 3234 412 3285 scente,
426 3226 457 3276 et
466 3216 570 3278 locum
573 3215 738 3294 preberent
747 3214 931 3275 circumactis
941 3214 1081 3279 theatris
1072 3237 1103 3276 rn
1112 3236 1173 3279 am·

182 3304 340 3391 phitheatri
351 3301 486 3388 formam,
500 3322 567 3394 post
580 3310 663 3376 iudos
675 3310 808 3376 scenicos
820 3311 978 3378 mutuos.

183 3435 186 3444 ¹
270 3509 274 3518 ¹
322 3437 325 3442 ⁵
395 3444 508 3503 Theatn'
522 3423 717 3527 cciy‘crmatt'm
738 3450 961 3528 ejusqmmses.
1017 3525 1020 3530 -
1076 3524 1080 3530 .
1205 3531 1206 3538 ἵ

228 3574 354 3666 Sedquo
367 3577 485 3637 tandem
499 3576 620 3637 artificio
620 3596 733 3656 ,quave
747 3567 888 3634 industria
901 3574 1075 3635 aedificatum
1086 3573 1175 3634 fuerit

188 3668 265 3747 apud
277 3668 408 3748 antiquos
419 3674 564 3731 theatrum
573 3671 780 3751 prospiciendis
799 3670 922 3731 scenicis
933 3669 1007 3729 ludis
1025 3670 1174 3744 idoneum,

186 3764 282 3843 paucis
295 3766 343 3825 hro
350 3765 432 3825 vobis
443 3785 605 3846 proponere
617 3765 698 3838 libet,
709 3785 747 3825 ne
758 3766 826 3845 quid
837 3786 935 3825 earum
949 3785 1045 3836 rerum
1055 3777 1176 3845 praeter·

186 3880 295 3922 misisse
303 3861 665 3943 videamur‚qnaeedhunc
675 3881 837 3932 sermonem
847 3862 992 3943 pertinere
998 3862 1174 3943 judicentur.
1285 3863 1292 3868 ’

186 3958 273 4025 Quod
282 3969 380 4019 tamen
388 3979 447 4019 non
456 3959 497 4019 ita
505 3960 704 4041 accipiendum
714 3957 779 4034 erit,
785 3958 868 4037 quasi
875 3958 915 4018 ad
922 3976 1050 4036 unguem
1058 3957 1177 4038 expres·

185 4053 321 4126 sum,sed
330 4055 435 4135 partim
448 4061 616 4134 conjectura
628 4066 659 4116 et
668 4055 780 4116 ratione
790 4067 898 4127 natum,
912 4055 1018 4136 partim
1028 4053 1110 4114 exiis
1124 4055 1176 4114 de·

177 4149 335 4232 scriptum,
351 4141 491 4232 questum
503 4153 534 4213 iu
546 4152 668 4231 antiquis
682 4152 770 4210 ruinis
789 4149 942 4229 aliquando
960 4149 1093 4221 vidimus,
1112 4160 1176 4209 tum

108 4316 114 4333 μ
186 4246 315 4308 euamex
320 4250 485 4314 auctoribus
486 4250 593 4331 quide
603 4250 699 4308 haere
707 4244 1177 4328 scripserunt,comprehendimus.

186 4342 291 4423 ltaque
304 4344 428 4436 primum
442 4344 665 4428 intelligendum
680 4355 725 4405 est
739 4343 993 4442 (quemadmodum
1007 4343 1095 4424 paulo
1109 4350 1175 4401 onte

228 4458 306 4504 vor..
322 4461 344 4502 ι.
672 4459 691 4499 n
1097 4459 1101 4464 ⁴
