2917 4950
447 339 567 407 AcT.
589 342 635 409 V.
669 342 851 412 SGENA
874 343 946 411 111.

172 524 215 592 P.
239 527 354 607 Peter,
369 526 494 594 licetne
508 533 648 613 nuncet
693 534 731 599 S.
755 532 848 612 Quid
865 534 960 602 dines
972 534 1080 600 mihit

173 636 214 703 G.
237 638 379 716 Tamen,
403 639 512 719 Simo,
540 641 633 708 nudi.
683 643 720 710 S.
749 645 825 729 Ege
854 646 1013 711 audiamt
1050 645 1132 729 qnid
1161 667 1225 731 ego

304 750 452 829 audiam,
637 787 640 794 v
1243 817 1246 824 ,

173 861 340 929 Chremet
365 862 405 929 G.
421 860 470 928 At
479 863 616 929 tandem
630 865 725 932 dicat
740 867 825 935 sine.
848 868 885 932 S.
901 868 988 951 Age,
1005 868 1115 936 dicat:
1138 870 1227 936 sino.

174 974 217 1040 P.
240 973 319 1058 Ego
331 994 387 1039 me
404 994 524 1041 amere.
537 975 626 1043 hane
641 977 767 1059 samon
788 979 819 1043 si
840 979 876 1058 id
896 979 1096 1063 peccare'st,
1116 979 1226 1045 fateor

1158 348 1227 414 2⁸5
1310 385 1314 394 .

305 1085 341 1150 id
357 1106 505 1171 quoque.

1183 1097 1225 1155 25

176 1197 268 1275 Tibi,
283 1204 391 1282 peter,
406 1219 461 1263 me
476 1199 578 1266 dedn.
594 1202 731 1285 quidvis
747 1202 859 1268 oneris
874 1201 1022 1285 impone,
1036 1201 1176 1285 impera.

178 1309 243 1374 Vis
257 1330 311 1374 me
332 1330 477 1376 uxorem
493 1312 641 1378 duceret
663 1313 752 1380 hanc
768 1314 820 1380 vis
836 1313 1012 1380 amitteret
1034 1319 1072 1378 ut
1093 1319 1224 1397 potero,

282 1422 453 1502 ieram..
553 1499 556 1506 ¹

177 1606 268 1657 Vincere
275 1610 390 1667 dinnntnr,
396 1625 492 1673 qnnrnrn
501 1614 616 1661 sententie
622 1630 675 1675 pro·

175 1682 249 1730 brtnr.
263 1683 383 1731 Dmkenb.
391 1685 421 1731 nd
432 1685 483 1732 Irin.
490 1687 534 1733 IV.
542 1691 565 1735 2.
585 1687 616 1735 R.
626 1688 658 1733 D.

205 1759 238 1804 22
256 1756 334 1814 Pater,
350 1757 428 1806 licetne
441 1758 544 1821 pnneai]
552 1749 676 1810 ‘'litnbnne

175 1835 199 1874 et
206 1828 337 1877 balbutiens
348 1830 422 1879 nmtin
429 1832 518 1893 pudore
525 1839 550 1879 et
558 1833 676 1881 onnrnien-

174 1900 213 1947 tia.
229 1899 262 1947 D.

207 1975 239 2022 23
257 1972 348 2032 Tamen,
370 1972 439 2040 Simo]
457 1979 504 2025 Me.
522 1979 553 2027 R.
570 1977 677 2034 Tandem,

175 2043 240 2093 Simo·
257 2048 285 2094 15·

206 2119 291 2168 Fami
301 2121 362 2168 iiber
375 2122 510 2182 Bembinnr,
524 2131 548 2171 et
565 2124 678 2172 Betilien-

177 2208 228 2249 nne,
246 2191 336 2249 Tamen,
355 2194 423 2251 Simo,
443 2198 506 2245 nudi.
522 2204 594 2246 reete.
630 2197 677 2258 Sed

176 2266 229 2328 lege
240 2264 317 2314 κου’
328 2267 435 2314 audiam?
455 2272 482 2318 B.

209 2337 294 2386 Tamen
311 2339 380 2401 andi]
407 2341 520 2398 Quemvis
538 2358 585 2390 vox
602 2351 678 2390 tamen

176 2410 678 2477 plerumqueelterivnnirnbjnngitnr3eaepe
690 2465 693 2472 ,

176 2490 251 2532 tamen
259 2484 328 2533 initio
336 2488 520 2549 pnnnnt‚qnibne
526 2488 585 2535 lonie
591 2487 677 2548 nliqnid

175 2564 251 2604 mente
262 2558 415 2620 supplendum
430 2567 479 2608 est:
501 2562 599 2622 qrramvir
610 2561 678 2608 an·

173 2629 250 2690 pitina
260 2631 319 2679 nihii
328 2632 401 2679 dinero
408 2636 484 2693 penit,
495 2642 569 2681 tamen
578 2635 642 2681 andi.
655 2649 677 2680 v.

178 2704 230 2752 hir.
242 2706 301 2752 xi..
313 2706 353 2755 56.
365 2712 389 2752 et
400 2706 434 2753 ibi
444 2707 564 2770 Drakenb.
582 2709 612 2754 R.
622 2709 653 2755 D.

209 2781 242 2827 24
259 2776 308 2840 Agr
320 2778 395 2824 dicat:
407 2780 465 2843 sinn]
483 2779 537 2827 Hne
549 2786 622 2827 totum
632 2794 678 2826 nnn

176 2865 206 2896 ex
216 2849 293 2899 enimn
303 2850 470 2912 permittentis,
479 2854 520 2901 eed
530 2869 582 2900 oum
594 2862 679 2899 stome-

178 2922 223 2969 nirn
234 2921 346 2983 patientie
356 2928 399 2971 ert.
417 2926 448 2972 D.

207 2997 292 3053 Prnat
307 2995 406 3053 tandem,
416 2998 477 3058 qnod
494 3004 543 3045 tren
558 2998 627 3045 nodd.
639 3014 679 3046 vn·

178 3068 288 3116 tnstinrer
303 3068 395 3124 habent,
405 3085 434 3116 ne
443 3070 533 3132 duplici
544 3071 592 3117 ietn
603 3071 634 3117 sit
643 3071 679 3117 in·

176 3147 309 3196 venustum,
318 3141 372 3201 lege
380 3149 405 3189 et
412 3151 523 3200 mmmm
529 3144 645 3204 enprnIV.
654 3147 678 3191 2.

208 3289 240 3337 25
258 3287 309 3353 Ego
317 3307 353 3340 me
358 3304 433 3336 amare
444 3289 510 3348 hanc,
514 3288 605 3355 fateor]
621 3287 678 3351 ‘An-

177 3360 266 3423 φιβολίιι
276 3365 315 3416 τῆς
324 3362 434 3426 ἰςωμίιιις,
466 3362 535 3410 Hane
539 3362 629 3428 fateor]
647 3364 679 3410 Et

177 3436 235 3483 bene
246 3436 304 3484 hane
320 3438 387 3492 dicit,
402 3452 448 3484 non
460 3435 597 3500 Glycerium,
613 3438 679 3496 onjne

177 3509 268 3556 nornine
281 3510 407 3557 offenditur
422 3525 508 3557 senex:
524 3524 568 3555 nee
581 3509 681 3571 peregri-

177 3597 238 3637 nam,
246 3582 396 3643 ignominiam
406 3583 498 3629 seilicet
506 3583 588 3631 vitane.
621 3581 646 3628 Si
656 3582 681 3628 id

175 3669 266 3714 peecare
276 3663 317 3710 ert,
323 3653 404 3717 fntenr
419 3656 444 3702 id
457 3654 551 3717 qnoque]
569 3654 634 3708 Noti,
644 3654 681 3700 in·

178 3726 236 3786 quit,
247 3743 291 3775 me.
300 3743 409 3774 tonnerre
419 3727 474 3789 qnia
484 3727 557 3789 (qued
568 3724 610 3789 Z.)
619 3740 678 3775 emo·

179 3806 290 3846 amantem
298 3800 359 3847 enim
369 3815 436 3847 nemo
445 3806 547 3857 renuent,
553 3807 579 3847 nt
586 3798 680 3846 sobrini-

178 3878 265 3920 tantem
274 3887 342 3919 nemo
353 3888 462 3937 annuente
472 3878 549 3934 potest
558 3888 600 3919 nnr
610 3872 681 3918 febri·

178 3943 242 3991 nitet.
276 3945 323 3993 Sed
332 3960 416 3999 nrnnre,
425 3946 507 4004 inquit,
519 3945 539 3991 ni
550 3951 618 4005 pntne
628 3960 680 3992 esee

178 4024 308 4077 peceatum,
326 4018 399 4082 intent
421 4019 489 4064 etiem
506 4033 544 4064 me
564 4018 608 4064 heo
626 4032 681 4077 pen·

181 4104 252 4136 omre.
270 4090 331 4136 Mire
339 4090 411 4151 igitur
419 4098 442 4137 et
452 4089 683 4153 enbdefendit(fnrte,

181 4161 268 4209 subdole
278 4162 379 4226 defendit
389 4161 430 4226 Z.)
445 4162 550 4223 cuipam:
568 4172 592 4209 et
607 4177 684 4216 arsen·

182 4248 220 4282 ιιι
237 4234 296 4287 itnto
313 4242 357 4287 eet.
390 4235 449 4283 Siid
467 4248 556 4296 peecare
568 4235 610 4298 est]
629 4233 684 4281 Per·

182 4320 231 4357 utre
241 4307 314 4357 nteit:
327 4308 385 4370 ,quir
393 4323 457 4381 tmnr
466 4310 524 4357 deur
535 4314 580 4365 eet,
587 4324 634 4356 non
643 4324 684 4354 vn·

725 1615 808 1661 luntre.
842 1611 923 1660 Fateor
934 1613 959 1658 id
968 1609 1062 1676 qrrnque]
1080 1613 1181 1662 Penenre
1190 1629 1227 1661 me

725 1688 823 1734 scilicet.
840 1688 872 1733 D.

758 1759 901 1820 Quamquam
912 1756 995 1804 incidit
1006 1756 1078 1805 veluti
1093 1756 1228 1807 diffinitivns

725 1839 807 1879 statne.
824 1831 1016 1892 idpecrntnmert.
1034 1830 1228 1887 Qnaeritnrenim,

725 1920 755 1951 nn
764 1919 828 1951 amnt
839 1904 927 1951 erimen
935 1902 985 1955 sit?
1004 1903 1069 1950 Petit
1078 1903 1169 1951 venitm
1177 1905 1211 1952 sin
1220 1921 1231 1951 ι.

725 1977 766 2023 riti
777 1992 818 2032 me,
826 1985 896 2037 pater,
907 1975 969 2022 dedo.
986 1976 1016 2022 E.
1042 1971 1044 1974 ’

759 2052 791 2100 26
809 2048 858 2096 Titi
870 2056 936 2108 pater
950 2062 984 2095 me
1000 2046 1068 2110 dedo]
1085 2048 1149 2094 Bene
1165 2049 1228 2107 dedo,

726 2123 793 2185 qnasi
802 2123 897 2170 hostilia
903 2127 927 2168 et
934 2120 1049 2168 onntreria
1055 2122 1149 2168 volenti.
1166 2124 1228 2171 Nam

726 2196 816 2243 deditio
833 2195 858 2243 in
877 2195 944 2242 hoste
965 2192 1015 2240 fieri
1033 2194 1100 2240 solet.
1136 2194 1230 2248 Quidvis

670 2313 673 2318 .
726 2270 798 2318 oneris
810 2270 908 2329 impone:
934 2267 1029 2331 impera]
1046 2267 1180 2314 Exeeentnn
1193 2275 1230 2314 ert

726 2340 900 2389 translationem
916 2340 1003 2397 oneris,
1021 2340 1120 2386 dicendo
1136 2340 1230 2400 impone,

726 2411 936 2477 utpoteroffernm.
953 2413 985 2458 D.

761 2490 792 2535 27
811 2486 848 2532 Vir
858 2499 891 2531 me
900 2499 988 2530 neonem
998 2484 1095 2530 ducere?
1119 2483 1230 2533 Hancvis

727 2561 844 2608 amittere?
867 2561 898 2605 Et
906 2557 921 2619 (
923 2573 949 2603 en
956 2573 979 2603 eo
988 2552 1028 2617 Z.)
1035 2556 1096 2617 qnod
1107 2573 1176 2603 unum
1185 2564 1230 2614 est,
1293 2558 1294 2561 ’

728 2634 775 2680 dnn
793 2631 864 2679 ienit:
881 2637 908 2676 nt
925 2629 1034 2675 ostendat
1052 2644 1078 2675 se
1096 2644 1141 2675 non
1158 2645 1229 2690 posse

727 2706 795 2751 ferre.
833 2702 863 2750 Ut
876 2710 960 2763 potere,
971 2699 1061 2764 feram]
1085 2702 1229 2762 Obsequium

728 2777 778 2824 aine
789 2775 906 2822 voluntate
916 2774 1032 2821 ostendit:
1048 2780 1072 2820 et
1082 2773 1178 2821 multum
1189 2792 1230 2823 vn·

726 2851 760 2896 let
770 2850 814 2895 sub
826 2847 954 2895 Chremetis
970 2847 1094 2907 praesentia
1109 2848 1159 2894 haen
1175 2863 1229 2895 con·

704 2950 707 2956 ,
727 2921 807 2976 femin,
818 2921 849 2967 ed
857 2920 996 2967 recusandas
1007 2920 1106 2981 nuptiae.
1125 2921 1156 2967 D.

761 2997 914 3055 Expnnnntnr
925 2994 977 3039 dure
987 2999 1079 3052 partes:
1097 3007 1141 3039 nna
1149 3008 1179 3039 ex
1190 3010 1232 3042 vo·

728 3069 826 3124 inntate,
845 3069 917 3115 nitere
934 3067 993 3130 nitra
1013 3067 1171 3115 voluntatem:
1199 3069 1232 3116 vie

728 3159 762 3190 me
773 3157 862 3189 errorem
878 3141 936 3188 hane
952 3140 1048 3188 ducere?
1066 3141 1098 3187 vir
1110 3141 1232 3188 amitteret

729 3217 881 3273 Gnneinditnr
891 3231 944 3261 enm
954 3215 1049 3270 affeetu,
1058 3222 1085 3260 nt
1098 3223 1182 3275 potero,
1190 3214 1232 3277 fe·

727 3306 786 3336 rem.
813 3289 862 3336 Hie
873 3289 936 3336 enim
945 3288 1054 3344 ostendit,
1065 3304 1091 3334 se
1103 3288 1159 3334 nihil
1168 3288 1232 3335 nlind

728 3363 799 3419 veile,
810 3362 854 3408 nisi
865 3370 891 3409 nt
901 3376 1063 3419 eamnxnrem
1080 3362 1157 3409 duent.
1191 3363 1231 3409 In·

729 3436 835 3483 sinuntur
844 3445 869 3482 et
877 3435 944 3490 iilud,
956 3435 1019 3495 qnod
1035 3435 1232 3497 supradiximus,

730 3516 765 3564 nt,
775 3509 840 3555 Crito
851 3510 914 3569 qnod
924 3508 1026 3561 nunciat,
1037 3506 1151 3554 audietur.
1168 3510 1197 3554 E.

762 3582 866 3628 Faernus
876 3588 939 3628 rente
950 3581 1037 3641 mittere
1043 3595 1085 3639 pro
1092 3581 1202 3636 amittere,
1208 3587 1233 3627 et

731 3654 799 3701 metri
809 3660 834 3700 et
844 3669 926 3699 sensus
937 3668 1013 3714 cansa.
1046 3651 1105 3698 Nam
1119 3654 1235 3700 amittitur·

731 3742 792 3774 uror
799 3731 847 3788 jem
860 3727 952 3774 domum
962 3726 1031 3772 dnetn
1038 3740 1046 3785 3
1061 3726 1169 3782 mittitur,
1181 3741 1232 3787 qum

729 3801 832 3847 nendum
842 3800 912 3845 dueta
923 3806 966 3846 est.
984 3799 1013 3844 B.

762 3873 879 3937 Amittere]
897 3873 919 3919 1.
931 3887 953 3918 e.
966 3871 1090 3919 dimittere.
1103 3871 1127 3917 in
1139 3872 1234 3920 Phnrm.

731 3947 752 3992 1.
770 3948 793 3992 2.
808 3948 848 3993 91.
865 3960 926 3991 nune
943 3946 1020 3991 amitte
1037 3958 1106 4006 quero
1122 3943 1191 3991 hune.
1209 3962 1232 3992 v.

733 4021 857 4065 Burmann.
879 4019 908 4065 ad
927 4017 1020 4065 Phaedr.
1041 4018 1063 4063 Ι.
1086 4020 1125 4065 13.
1149 4022 1187 4066 10.
1210 4026 1234 4065 nt

733 4090 809 4138 Bentl.
826 4090 900 4138 edidit
916 4090 975 4138 hane
989 4091 1021 4137 vir
1038 4091 1131 4146 rerittem,
1148 4092 1234 4153 qnippe

733 4164 845 4210 amittitur
853 4179 913 4210 uxor
926 4166 975 4223 jem
985 4165 1077 4210 domum
1089 4163 1167 4219 ducta,
1181 4164 1235 4210 mit·

733 4238 799 4293 titur,
817 4252 868 4296 quae
888 4236 990 4308 nendum
1012 4236 1082 4282 dunin
1102 4244 1146 4284 est.
1168 4254 1188 4283 v.
1209 4236 1234 4283 in
1297 4232 1299 4235 ’

735 4309 829 4356 Phonn.
841 4310 886 4356 lv.
898 4313 921 4358 3.
933 4313 973 4358 70.
991 4309 1021 4355 R.
1033 4310 1064 4355 D.
