2917 4950
224 454 289 522 172

629 447 848 518 aunam
924 404 931 423 ⁴

223 645 304 711 Siue
317 649 351 709 te
362 642 438 708 haec
460 640 571 707 solum
585 656 716 722 semper
730 637 812 701 fecit
825 635 977 711 maximi,

223 756 294 822 Seu
305 755 368 820 tibi
380 753 544 836 morigera
556 750 622 815 fuit
634 750 670 814 in
682 749 784 813 rebus
798 745 965 810 omnibus.

223 867 275 932 Te
289 865 347 931 isti
360 883 476 929 verum
490 863 548 940 do,
563 860 719 939 amicum,
734 863 889 935 tutorem,
908 860 1049 940 patrem.

1221 850 1267 914 60

225 961 324 1046 Bona
336 980 453 1040 nostm
463 974 539 1042 haec
553 973 615 1037 tibi
630 972 796 1056 permitto,
812 975 847 1034 et
859 974 927 1034 tuae
939 966 1063 1032 mando
1078 961 1169 1027 fidei.

226 1069 329 1156 Hanc
343 1086 468 1152 mihiin
476 1103 613 1150 manum
625 1082 698 1149 dat:
710 1101 803 1148 mers
811 1079 972 1146 continuo
982 1078 1093 1162 ipsam
1106 1075 1266 1156 occupat.

225 1197 380 1284 Accepi:
403 1201 581 1280 acceptam
595 1194 751 1261 servabo.
796 1191 847 1256 Μ.
870 1189 925 1256 Ita
939 1206 1038 1274 spero
1053 1182 1200 1269 quidem.

227 1308 271 1374 P.
292 1307 361 1374 Sed
376 1326 437 1371 cur
457 1311 495 1372 tu
519 1305 593 1370 abis
613 1305 657 1370 ab
671 1304 758 1368 illat
803 1301 855 1368 Μ.
878 1297 1104 1370 Obstetricem
1117 1311 1267 1362 arcesse.

237 1429 240 1434 '
316 1439 319 1442 ·
355 1417 396 1483 P.
420 1417 582 1500 Propera.

225 1639 302 1688 orm.
321 1641 342 1686 1.
358 1641 398 1687 sa.
411 1643 434 1686 1.
452 1639 509 1685 Mox
529 1639 572 1684 ea
592 1627 722 1698 ierurgia·

226 1713 281 1761 dun
298 1711 333 1758 esi
346 1712 376 1780 st,
384 1710 445 1772 quod
467 1725 536 1773 supra
555 1709 722 1756 mutavimus.

258 1858 291 1907 58
307 1856 356 1904 Sive
365 1856 409 1903 irc
420 1855 528 1919 urcium]
546 1854 572 1901 Sl
582 1861 622 1902 aut
631 1861 656 1902 te
665 1854 721 1902 mihi

224 1928 336 1991 protulit,
346 1935 385 1975 aut
394 1927 481 1975 nullutn
487 1927 556 1974 alium
564 1926 656 1973 noverit
662 1941 723 1974 ama·

226 2007 300 2049 torem
311 2000 415 2047 indeuia
427 1999 562 2046 meretricis.
579 2000 611 2046 D.

259 2072 311 2121 Sine
321 2072 366 2120 lure
382 2081 403 2119 te
411 2072 464 2133 lege
473 2087 504 2120 ex
520 2071 588 2119 codd.
599 2070 722 2118 nonnullis.

213 2145 259 2195 'Te
270 2145 339 2196 enirn.
347 2159 399 2191 cum
409 2144 433 2191 in
443 2143 637 2201 tolanensium
645 2150 723 2205 potest

226 2217 343 2266 noueiidi.
360 2217 389 2263 B.

259 2291 293 2339 59
315 2287 441 2352 Morigerae]
467 2289 521 2336 Hoc
547 2289 613 2350 quasi
639 2289 724 2336 amanti

227 2362 343 2411 utilsiuit.
360 2362 427 2424 Virg.
439 2361 492 2409 AEn.
505 2361 548 2408 IV.
560 2358 674 2424 31⁷.fuit
683 2369 725 2409 out

227 2435 269 2485 liii
278 2436 394 2499 picurum
405 2432 561 2483 Dulcemeum.
579 2433 611 2482 D.

261 2507 387 2572 Morigerae]
405 2507 521 2569 Nequitias
532 2524 578 2555 vox
592 2513 635 2555 est
663 2508 723 2554 Nam

227 2583 365 2645 mmigeruffi
374 2595 454 2628 merere
460 2596 542 2644 gerere,
548 2581 633 2642 stupui
640 2579 725 2626 dicitur

227 2655 320 2712 moliar,
341 2670 392 2716 quas
418 2654 525 2714 corporis
545 2653 636 2714 copiam
659 2652 723 2711 iacit

228 2727 305 2776 Plaut.
323 2727 347 2774 iu
368 2725 430 2774 Cres.
441 2726 470 2771 V.
482 2729 553 2774 219.
565 2726 645 2773 satiem
659 2726 725 2771 mori·

227 2814 283 2864 gero
291 2806 328 2846 est.
343 2798 367 2844 in
382 2797 510 2845 Mostella.
521 2800 554 2845 ll.
567 2801 590 2843 1.
601 2799 641 2845 51.
659 2799 725 2843 mori-

227 2886 287 2937 gere
297 2871 339 2918 tili
354 2872 435 2918 eruam
445 2871 521 2918 emir.
531 2886 554 2918 v.
564 2871 684 2932 interpret
696 2872 724 2918 ad

229 2944 324 2992 Sueten.
333 2943 405 2990 'liber
412 2958 433 2989 c.
440 2943 479 2991 45.
487 2951 511 2990 et
521 2958 571 3003 quas
582 2943 685 2990 diximus
696 2944 726 2989 ad

228 3016 312 3065 'limaci
322 3015 403 3063 lexic.
412 3014 503 3062 Platon.
512 3031 537 3077 p.
549 3018 603 3064 195.
622 3017 652 3063 R.
662 3016 693 3063 D.

262 3092 295 3137 60
311 3088 342 3136 Te
352 3089 390 3136 tsi
402 3089 475 3135 mmm
491 3087 529 3150 do]
546 3088 613 3145 Haec,
625 3096 651 3136 ut
666 3089 727 3136 dixi·

229 3176 290 3217 mus,
301 3167 326 3207 et
333 3160 422 3220 singula
430 3167 491 3217 sunt,
497 3166 521 3208 et
528 3175 572 3206 nou
581 3160 729 3222 praecipitan-

229 3241 277 3293 tur,
287 3248 330 3280 nac
344 3231 610 3293 dicunturunespiritu.
644 3232 729 3281 Tristi

228 3307 302 3354 siruun
310 3303 349 3367 do]
366 3305 535 3366 Apparetquod
543 3305 630 3365 Junctis
637 3306 726 3353 dextris

230 3379 281 3426 itae
290 3377 391 3425 dicebat.
401 3376 456 3423 idco
466 3382 498 3431 et,
506 3391 548 3437 per
559 3375 616 3425 inne
626 3378 727 3425 deserum

229 3459 252 3499 ts
269 3466 313 3499 erc.
345 3450 458 3514 Amicum]
475 3449 558 3496 Potest
573 3449 633 3497 anim
644 3455 668 3497 at
679 3465 726 3497 ma-

230 3521 552 3579 ritusesse,etnousrnieus.
585 3521 632 3569 Sed
643 3521 726 3569 affectu

230 3594 505 3645 maritimtulitamicum.
534 3593 624 3658 Virum]
641 3595 679 3642 Ne
690 3609 727 3641 se-

231 3682 320 3733 greges.
352 3667 466 3730 Aramum]
483 3666 520 3715 Ne
531 3667 632 3715 deseras.
659 3665 727 3713 Tuto·

231 3740 289 3805 nm]
305 3740 377 3798 Quasi
388 3741 458 3786 orbae.
475 3738 580 3802 Putrem]
592 3739 666 3800 Quasi
674 3754 728 3801 par·

232 3830 277 3862 aa.
310 3811 413 3874 Patren]
429 3812 466 3859 Ad
477 3811 535 3859 iilud
543 3813 604 3873 quod
616 3812 657 3870 ait,
667 3820 689 3859 st
698 3812 729 3858 ud

228 3886 373 3949 paruam
392 3886 422 3931 D.

266 3960 296 4005 61
314 3955 378 4004 Dona
394 3953 729 4016 ammeoitaecpemieuer

232 4039 277 4079 tur
287 4027 441 4091 muadofidei]
458 4026 628 4089 Oeneiusiopsr
637 4027 729 4074 manda·

232 4109 282 4150 tuna
307 4108 333 4149 st
358 4101 534 4148 obtestationem
561 4100 641 4147 efficax
664 4099 728 4148 satis.

234 4172 298 4221 Burro
307 4171 393 4235 noem]
410 4171 470 4221 Hac
486 4174 558 4220 verbs
570 4170 637 4234 qussi
652 4172 729 4233 supel-

232 4245 334 4293 lectilum
344 4259 408 4292 suam
423 4244 563 4292 ostendentis
573 4249 633 4292 sunt.
668 4242 729 4291 Bona

233 4317 321 4383 mura]
347 4318 402 4366 llec
419 4324 464 4374 est,
484 4318 513 4364 ad
535 4332 585 4364 rem
604 4317 727 4364 tutandam.

232 4391 314 4457 (lagu
331 4387 683 4455 adimoraumruauem).
696 4390 727 4438 D.

804 1634 853 1683 liti
860 1631 974 1696 premite]
990 1630 1152 1679 Aicommitto.
1169 1630 1197 1678 la

804 1705 915 1754 Βωωιὶω
921 1703 1037 1768 perarida]
1054 1702 1111 1750 Plus
1121 1708 1157 1749 est
1165 1705 1270 1763 penaten

771 1796 838 1843 quarn
849 1779 965 1834 conmitte,
977 1777 1039 1837 quod
1054 1775 1159 1823 nonnulli
1174 1776 1269 1824 ecdicos

771 1854 862 1902 habent
895 1849 1010 1897 Permitto
1031 1848 1129 1909 alicujus
1152 1848 1270 1909 potestati,

772 1927 890 1974 committe
900 1922 963 1972 fidei.
979 1923 1030 1970 eie.
1038 1937 1083 1983 pre
1094 1920 1190 1968 Fonteio
1198 1935 1219 1966 c.
1227 1923 1267 1970 11.

772 2000 925 2048 etcemmissus
934 1994 1032 2058 sltsadei,
1041 1995 1268 2057 pemiumpctsstuti.

773 2072 811 2120 Da
821 2074 865 2119 lroc
873 2071 995 2118 verberum
1002 2065 1133 2115 discrimine
1144 2077 1166 2112 r.
1176 2065 1269 2112 Ouden-

772 2150 838 2210 dorp.
850 2149 880 2195 ad
888 2148 975 2195 Iauoau.
985 2145 1042 2191 Vll.
1116 2150 1140 2190 et
1148 2144 1267 2191 Drakenb.

773 2223 802 2269 ud
813 2221 867 2269 liv.
878 2221 921 2268 IV.
931 2222 970 2268 49.
988 2221 1018 2267 ll.
1026 2218 1058 2265 D.

806 2291 859 2340 Teuc
876 2292 957 2340 mortde
967 2291 1037 2355 fidet]
1054 2293 1109 2340 Hoo
1125 2306 1156 2338 ex
1172 2291 1270 2339 formula

773 2364 865 2421 dicitur,
875 2365 905 2412 da
914 2380 959 2425 qua
970 2380 992 2411 r.
1007 2363 1110 2411 Brlsson.
1121 2364 1151 2410 ds
1165 2364 1269 2411 formulis

773 2455 797 2502 p.
805 2439 860 2487 1190.
879 2438 908 2485 lt.
921 2435 952 2483 D.

805 2514 837 2558 62
855 2509 923 2558 Hunc
938 2509 994 2556 milri
1004 2510 1029 2557 iu
1039 2525 1130 2557 suanum
1140 2509 1192 2573 dut]
1209 2512 1270 2559 Oun-

774 2585 867 2631 firmsta‘.
886 2590 941 2628 suut
959 2581 1061 2642 legitima
1077 2582 1164 2642 nuptie
1180 2597 1224 2642 per
1244 2583 1269 2629 in

773 2671 862 2703 manum
873 2653 1054 2702 conventionem.
1086 2654 1117 2700 Bt
1127 2654 1184 2700 mire
1195 2655 1272 2702 heac.-

773 2729 1008 2789 neu,iujusmunum.
1026 2725 1271 2788 Merscorrtimwipsem

773 2799 875 2862 occupet]
902 2799 955 2856 Quo
976 2798 1049 2860 magis
1072 2812 1195 2844 memorem
1218 2816 1271 2848 esse

773 2879 865 2934 opertet
874 2886 961 2928 eorum,
971 2878 1024 2934 pest
1031 2886 1082 2932 quas
1093 2869 1135 2918 illa
1144 2871 1202 2917 nihil
1207 2872 1273 2920 lecu·

774 2952 850 2993 taest.
868 2945 899 2990 D.

809 3015 876 3064 Hauc
881 3015 968 3064 miliia
978 3014 1124 3078 manamaur]
1136 3014 1204 3063 Hane
1211 3017 1272 3066 milri

775 3087 945 3136 accuratissime
954 3088 1103 3135 commendat.
1119 3087 1168 3135 (lle.
1177 3089 1207 3135 ad
1216 3089 1275 3138 Diu.

776 3160 865 3210 vtis.
884 3167 955 3206 tuum
974 3158 1080 3206 hominem
1100 3159 1142 3207 alet
1162 3162 1227 3208 trudo
1246 3163 1274 3209 de

776 3240 886 3288 meamet
893 3233 999 3289 aientia
1008 3246 1107 3279 monam.
1124 3232 1156 3280 At
1167 3233 1273 3282 Donatus

776 3303 861 3364 respiat
873 3310 938 3368 putat
946 3304 974 3351 ad
987 3304 1079 3365 nuptias
1088 3319 1130 3367 per
1140 3306 1273 3354 conuentio-

774 3377 858 3425 nemin
870 3392 967 3433 menum,
981 3392 1054 3438 genus
1070 3377 1200 3439 nuptiarum
1210 3381 1272 3442 apud

775 3449 892 3505 Romanos
902 3448 1020 3505 usitatum,
1030 3449 1061 3497 da
1068 3465 1113 3511 quo
1119 3451 1191 3499 muita
1199 3453 1274 3516 scrip-

775 3526 837 3569 tores
853 3522 882 3569 de
900 3521 995 3585 nuptiis,
1012 3521 1116 3582 inprimis
1132 3523 1238 3572 Brisson.
1249 3533 1273 3573 et

775 3593 903 3656 Schultiug.
923 3595 953 3642 ad
970 3595 1051 3655 fragm.
1062 3594 1137 3643 titulo.
1147 3598 1170 3645 9.
1181 3613 1205 3659 p.
1215 3600 1272 3649 591.

809 3741 842 3787 63
856 3738 949 3804 Accepi]
965 3738 1072 3800 Proprie,
1082 3741 1149 3801 quasi
1167 3758 1272 3791 uxorem.

776 3811 895 3873 Acceptum
919 3812 1016 3875 mucio]
1044 3813 1163 3862 conclusit
1183 3824 1272 3877 purtem

778 3883 951 3932 deliberationis
961 3901 1008 3932 sure
1015 3901 1059 3947 per
1069 3887 1212 3935 electionem.
1224 3892 1255 3937 D.

810 3959 842 4003 64
858 3956 902 4006 Sed
911 3959 997 4023 crarta]
1015 3958 1126 4021 Corripit,
1135 3962 1196 4022 quod
1207 3964 1274 4011 meat

778 4029 807 4076 ab
828 4029 876 4076 illa.
910 4031 967 4087 Gur,
983 4046 1030 4079 uon
1050 4032 1220 4097 interrogantis,
1232 4037 1274 4084 sed

777 4099 924 4163 corripientis
941 4110 979 4152 ast
998 4111 1023 4151 et
1042 4105 1190 4168 increpantis,
1211 4110 1274 4169 qued

777 4174 910 4236 Glycerium
921 4176 1019 4225 deserat.
1047 4177 1199 4242 Obstetricem]
1214 4182 1274 4239 Qus

777 4262 845 4308 opem
856 4248 937 4296 tulerit
947 4250 1054 4312 parienti,
1065 4251 1164 4300 cistarir
1174 4253 1273 4302 diciturs

777 4320 1272 4388 undaetparturiantss‚feropem,clamaut

778 4391 885 4456 Perpau
893 4404 959 4460 utpute
968 4398 1040 4446 sudio
1046 4397 1068 4463 1]
1085 4399 1116 4448 Et
1124 4400 1274 4464 interrogatio
