2917 4950
426 392 542 461 AcT.
564 392 610 461 V.
640 379 821 459 SCENA
841 385 908 458 Vl.
1137 381 1204 453 Μ

156 573 199 652 Ρ.
215 571 385 650 Μὀωἰηίε
408 571 613 668 atque‘ade'o
631 579 828 667 longutffet,
850 587 915 644 noe
938 573 1037 642 ilium
1060 587 1205 659 exaper-

286 701 370 774 tare,
387 694 468 759 dum
482 701 601 759 exeat.-

156 808 306 892 Seq'uere
330 807 395 872 hac
418 825 474 869 me
496 806 588 869 intus
614 804 658 869 ad
682 803 879 889 Glycerium
902 818 1005 866 nune.
1027 802 1077 877 tn,
1093 796 1205 875 Dave,

289 918 347 984 abi
362 917 518 984 domum:

158 1029 322 1117 Propera,
347 1047 494 1105 arcesse,
519 1028 598 1094 hinc
624 1030 684 1113 qui
712 1028 865 1093 auferant
886 1045 972 1091 eam.
999 1022 1084 1109 quid
1107 1020 1205 1089 stent

286 1141 370 1227 quid
384 1142 531 1206 cessusl
576 1139 623 1204 Ι).
645 1140 708 1204 Εο.
987 1211 995 1226 .
1167 1140 1206 1198 15

158 1251 214 1318 Ne
229 1251 449 1337 exspectetis,
463 1252 544 1317 dum
559 1255 683 1316 exeant
694 1250 782 1314 hue:
803 1249 894 1313 intus
909 1244 1192 1330 despondebitur:

158 1364 256 1429 Intus
271 1365 484 1447 transigetur,
500 1364 530 1427 si
543 1362 627 1446 quid
640 1368 704 1441 est,
718 1362 812 1447 quod
824 1365 938 1426 restet.
960 1360 997 1424 Ω.
1022 1357 1189 1424 Plaudite.

398 1545 687 1618 CALLIOPIUS
716 1547 973 1616 REGENSUI.

192 1804 225 1849 13
239 1799 314 1861 Atqu
322 1798 378 1845 odeo
389 1798 480 1861 bugum
495 1808 526 1847 eet
540 1816 579 1847 nor
593 1800 660 1856 illum
707 1800 835 1850 ietoeinire
844 1795 1064 1860 edentiberelubet).
1081 1796 1113 1846 1).

156 1870 293 1933 quote]
309 1869 372 1929 Quin
387 1877 412 1917 et
422 1871 533 1919 undanter
548 1881 573 1920 et
590 1873 661 1920 ertili·
741 1872 785 1919 Ati
803 1872 905 1920 demum:
924 1869 1028 1934 munero]
1053 1871 1099 1917 Me.
1116 1869 1148 1919 R.
1169 1870 1208 1918 obi

159 1943 222 1991 eieee
232 1942 302 1990 hinne
310 1957 400 1996 moret
414 1943 513 1990 duorum
526 1944 661 1991 edoleeoen·
709 1945 799 1991 dunum
812 1958 911 2006 proper.
934 1943 967 1990 Ut
983 1942 1110 1989 Heautont.
1124 1949 1169 1991 eet.
1182 1946 1206 1994 2.

159 2013 225 2071 tinen,
240 2019 265 2062 et
283 2013 350 2061 binae
368 2013 461 2075 nuptiae
479 2015 504 2062 in
523 2031 569 2062 uun
584 2017 662 2065 fabule
710 2023 807 2067 soene.
824 2018 861 2065 oti
873 2017 957 2064 uuum
971 2029 1069 2077 surpere.
1081 2022 1106 2063 et
1115 2017 1209 2065 traderet

160 2087 303 2135 mobinetne
313 2094 362 2134 eet:
380 2094 404 2133 et
421 2086 448 2134 id
464 2095 531 2134 extre
539 2091 662 2150 prnererip-
710 2089 793 2137 bound
801 2106 841 2137 nor
849 2104 946 2152 propere.
959 2090 1047 2149 Heeyr.
1055 2095 1100 2135 aet.
1112 2090 1136 2137 5.
1145 2105 1208 2139 enen.

160 2164 208 2206 turn
218 2159 349 2216 Menandri,
361 2160 427 2220 eujus
438 2160 575 2208 eomoeditnr
586 2168 662 2209 trene-
710 2165 734 2211 3.
747 2166 786 2209 10.
797 2176 888 2224 propere
897 2161 1000 2209 eurreud
1009 2160 1160 2224 Pamphilum.
1178 2164 1207 2211 [ι.

160 2232 264 2279 ferebat:
292 2231 381 2280 ideireo
402 2232 467 2279 eliud
488 2233 514 2279 in
531 2236 661 2294 proscenio,
744 2231 1210 2295 Bembinneood.odGlyrerium,·Dune·

160 2304 224 2353 eliud
235 2314 290 2367 poet
299 2321 391 2353 seeum
401 2306 493 2353 retulit:
510 2321 539 2353 ne
550 2308 588 2353 vel
597 2311 661 2367 justo
710 2312 748 2352 tue
766 2307 827 2367 apud
847 2307 968 2362 Faernum,
983 2305 1048 2365 ”aput
1069 2304 1209 2367 Glycerium.

160 2375 251 2440 longior
261 2379 336 2436 lieret,
353 2377 392 2425 vel
411 2378 435 2424 in
452 2379 548 2425 eandem
567 2389 663 2441 prepter
712 2378 793 2425 Nostri
808 2392 898 2433 omnes,
913 2393 976 2424 nune
992 2384 1033 2431 ert,
1045 2377 1108 2436 quod
1126 2393 1207 2426 verone

159 2466 236 2500 rerum
244 2450 418 2500 similitudinem
426 2459 570 2513 ungerentur.
588 2455 619 2501 D.
710 2451 878 2514 ipsepnstuiat
887 2452 951 2512 Lege
963 2448 1124 2511 etdietingue:
1135 2464 1209 2514 roquo-

192 2524 297 2588 Iougum
305 2524 349 2587 eet]
367 2524 390 2570 Ι.
398 2540 419 2571 e.
437 2525 531 2571 nimium
550 2526 662 2586 temporie
710 2542 735 2573 re
746 2525 789 2572 boe
800 2539 842 2572 me.
853 2526 916 2571 intur
928 2524 989 2584 opred
1005 2521 1043 2569 Gt.
1055 2538 1117 2569 nunc
1129 2530 1167 2570 eet.
1181 2526 1209 2571 B.

159 2589 296 2649 elaberetur.
328 2598 396 2658 Saepe
407 2597 477 2644 etiem
495 2599 546 2646 haee
564 2600 662 2647 formula
744 2602 776 2648 15
792 2597 905 2645 Meliores
922 2600 946 2643 et
956 2594 1037 2657 plnres
1047 2594 1105 2642 libb.
1118 2610 1210 2657 prrpm

161 2677 293 2732 usurpetur,
311 2685 364 2717 enni
381 2670 504 2717 brevitatis
521 2687 662 2733 eaueequae·
711 2685 800 2719 arcesse.
821 2671 851 2716 B.

161 2742 214 2789 dem
224 2742 438 2804 praetermittuntur.
460 2744 532 2791 Ouid.
543 2746 605 2791 Faet.
612 2746 661 2792 111.
745 2742 856 2809 Auferaut
867 2740 926 2804 eum]
936 2740 994 2798 Qua
1005 2754 1048 2800 per
1058 2755 1084 2786 ee
1092 2738 1211 2799 incedunt,

161 2816 219 2864 ⁷19.
241 2814 282 2863 vbi
297 2832 321 2863 v.
335 2815 418 2862 Heius.
435 2815 474 2862 Sie
496 2814 611 2879 infinitum
630 2826 663 2864 est
712 2831 757 2862 nun
775 2813 871 2878 auferri,
890 2814 931 2860 eed
952 2812 1034 2859 obduci
1051 2810 1166 2859 dicuntur.
1185 2829 1209 2860 v.

160 2889 222 2950 epud
229 2887 279 2936 cto.
289 2887 382 2934 edDir.
394 2889 416 2935 1.
428 2891 452 2936 9.
477 2889 575 2937 Veteres
586 2897 661 2937 autern
712 2888 819 2934 Vosoinm
831 2888 861 2933 de
871 2885 957 2933 latinit.
967 2885 1050 2932 merito
1062 2893 1175 2946 euepeete.
1187 2904 1210 2933 e.

160 2962 209 3007 lere
225 2976 319 3021 eernper
332 2961 421 3017 dieunt,
440 2959 534 3022 longum
553 2970 598 3018 ert,
616 2978 661 3010 non
713 2964 751 3010 16.
764 2960 810 3006 Sed
820 2959 893 3006 utitur
903 2959 941 3004 irie
952 2959 1023 3005 verbo
1033 2954 1133 3021 auferre,
1148 2960 1212 3019 qnod

162 3031 321 3096 longumforet
332 3031 369 3080 vel
379 3040 440 3089 euet,
449 3034 551 3082 uthodie
565 3034 662 3096 lequun·
711 3029 1211 3095 puerperenundumineederepoterat.R.D.

161 3112 206 3155 tur.
223 3105 255 3153 R.
265 3106 296 3152 D.
746 3108 777 3154 16
789 3103 961 3166 Neeoopeotetio]
973 3102 1034 3150 Mire
1044 3100 1213 3160 dieit,letenter

196 3180 229 3225 14
244 3176 338 3240 &quere
349 3176 392 3224 hoo
402 3192 436 3225 me
444 3178 523 3225 intus:
540 3178 571 3225 od
583 3177 663 3242 Glyre-
713 3194 738 3225 ee
749 3178 856 3225 laudans:
869 3194 915 3238 quo
932 3177 1004 3224 verbo
1021 3175 1115 3222 aridum
1135 3178 1211 3227 adhue

161 3249 233 3314 uum]
245 3252 298 3299 Jem
308 3257 362 3311 poet
369 3265 461 3298 suenum
470 3249 532 3298 itur:
544 3251 598 3313 qnia
605 3252 663 3299 ulte·
712 3250 821 3297 audiendi
827 3251 948 3311 populum,
957 3249 1061 3309 adeoque
1070 3249 1179 3310 cupidum
1188 3258 1213 3299 et

162 3322 211 3370 rino
227 3322 253 3368 in
273 3322 397 3383 proeoenio
420 3321 479 3371 nihil
503 3323 586 3383 egitur.
627 3322 663 3370 Tu
711 3323 825 3371 intentum
842 3322 954 3377 ostendit,
974 3328 1000 3369 ut
1009 3321 1075 3368 finem
1092 3323 1212 3373 comedia

163 3393 225 3442 Daue
235 3394 389 3459 obiDmnum]
407 3396 441 3442 Hi
450 3411 539 3450 versus,
549 3412 621 3456 usque
633 3395 662 3442 ed
712 3396 818 3443 evenisse
831 3412 876 3441 non
888 3394 993 3442 senserit.
1012 3394 1064 3444 D.t
1079 3411 1103 3455 p.
1116 3397 1173 3444 302.

161 3466 236 3522 illurn,
253 3465 354 3514 &utem
367 3467 409 3514 tibi
423 3482 493 3514 meum
506 3466 663 3514 Philumenam
746 3471 777 3514 17
789 3466 856 3516 Intus
866 3469 1013 3530 transigetur,
1024 3467 1105 3529 siquid
1114 3469 1210 3530 estquod

161 3554 259 3596 urum,
272 3544 385 3600 negentur
401 3539 506 3586 'ferentii
520 3553 587 3585 esee:
598 3539 662 3586 'edeo
711 3538 788 3602 redu]
800 3539 930 3587 Artificiose
940 3547 1011 3599 poete
1017 3539 1152 3586 hereditatis
1159 3542 1210 3600 Jus-

161 3622 188 3661 nt
198 3611 224 3658 in
233 3610 340 3672 pluribus
352 3611 523 3671 exemplaribus
533 3611 600 3658 bunio
618 3626 662 3658 non
712 3619 757 3658 tarn
763 3610 894 3673 petitionem
900 3609 1040 3657 excritonie
1048 3625 1211 3672 personeproe·

161 3684 288 3731 inferentur
303 3682 364 3747 (Me.
375 3683 456 3731 Hulet.
469 3681 590 3752 seruatur.
609 3696 664 3730 ree·
711 3683 819 3737 termieit,
828 3698 879 3744 quae
891 3681 921 3737 ei,
932 3680 1044 3743 Glyoerio
1053 3684 1154 3743 cognita,
1157 3686 1211 3745 jure

162 3757 225 3815 tius3
240 3756 286 3803 nisi
303 3755 378 3812 malis,
392 3757 544 3804 luminatur.
561 3754 663 3803 Wielin-
712 3755 868 3801 tribuebatur:
887 3769 915 3800 ue
929 3754 965 3800 vel
979 3769 1054 3814 parre
1062 3755 1097 3801 rei
1108 3755 1212 3805 Critonie

162 3831 214 3893 gine
234 3828 331 3884 mavult,
353 3830 489 3876 imeruutur.
531 3827 595 3875 citet
620 3828 663 3875 bor
712 3825 1212 3889 tractatu,autdefreudationeGlJeeriiiu·

161 3919 244 3952 verene
256 3900 430 3963 septemdeeinr,
446 3916 504 3963 quor
522 3903 629 3948 Donetns
639 3909 664 3948 et
712 3899 840 3945 innueretur
856 3897 908 3944 finis
922 3898 1014 3954 fabule,
1031 3901 1061 3946 nd
1070 3899 1151 3947 latum
1160 3903 1212 3950 eri·

164 3974 313 4038 Engnplriue
340 3979 403 4021 recte
429 3973 520 4034 spurios
550 3973 664 4033 judicent,
713 3977 762 4018 turn
772 3978 886 4033 openiens.
904 3970 929 4017 Si
944 3972 998 4034 quid
1016 3973 1119 4034 estquod
1134 3978 1211 4041 restet]

164 4049 270 4109 Gnyetus
281 4063 295 4094 e
306 4046 444 4107 quibusdam
463 4044 531 4092 oodd.
553 4061 611 4105 quos
628 4045 663 4094 vi·
713 4043 775 4104 Quin
784 4043 914 4090 nmatione
931 4043 1028 4106 dignum
1038 4060 1082 4091 non
1093 4051 1138 4103 est,
1148 4048 1210 4109 quod

164 4120 208 4168 dit.
232 4119 352 4167 Indeoem
364 4117 663 4178 noddquibueeumurus,
713 4115 907 4179 Charinuerogut.
930 4116 961 4161 D.

166 4209 260 4240 eoenon
271 4191 357 4239 inveni.
389 4180 423 4238 Ut
439 4197 515 4237 eutem
534 4190 608 4237 leuton
617 4205 663 4236 non
746 4198 777 4235 tr.
791 4187 909 4252 Plaudite]
927 4189 986 4236 Hoee
1001 4196 1056 4237 nole
1070 4191 1093 4237 in
1105 4192 1210 4241 omnibu!

166 4264 265 4324 ignoret,
287 4262 344 4324 quid
362 4263 409 4309 iste
426 4269 506 4310 tuetur
523 4263 553 4309 de
566 4261 663 4323 ‚Charini
713 4268 771 4307 vett.
782 4262 851 4308 cedd.
862 4269 888 4309 ut
897 4269 920 4309 et
931 4262 954 4309 in
966 4263 1165 4325 regioexernpleri
1173 4267 1211 4314 lra-

167 4335 314 4386 tnrneiererit
325 4335 421 4399 nuptiis,
433 4351 464 4384 ex
475 4336 566 4394 Guyetu
584 4350 663 4381 tereus
710 4330 789 4380 betur.
808 4335 836 4381 1..
