2917 4950
193 505 195 511 ,
247 440 327 519 nstv
570 435 638 507 nn
666 386 919 497 suasano.

248 641 352 702 parum
365 617 490 698 cognitis
503 616 580 679 vitiis
589 638 598 676 ι
606 617 678 681 item
686 616 778 679 etiam
786 617 957 694 Eteonymos,
970 617 1038 696 quia
1045 616 1157 678 inesset
1167 617 1198 679 in
1211 638 1249 681 ea

249 720 332 781 velut
349 714 486 789 historica
498 713 573 781 fides
585 732 663 779 vere
681 713 861 787 narrationis,
884 725 916 774 et
933 715 1091 777 nominatio
1108 716 1248 789 nmmum,

251 814 413 893 dequibus
435 811 625 870 scribebatur.
668 809 728 869 Sed
742 830 810 870 cum
827 822 925 891 poetae
937 813 968 873 ia
990 813 1147 875 comediis
1167 813 1251 881 abuti

250 911 387 985 lieemius
401 909 479 980 stilot
498 918 529 969 et
542 907 649 987 passim
662 907 772 968 laedere
793 929 833 971 ex
849 908 970 975 libidine
984 910 1142 990 coepissent
1153 910 1252 988 plures

251 1010 354 1080 bonos,
374 1006 442 1084 leg'e
456 1006 526 1077 lata,
541 1004 740 1083 nequisquam
749 1005 780 1063 in
793 1005 918 1067 alterum
929 1004 1038 1067 infame
1048 1021 1167 1073 cumen
1180 1006 1252 1067 scri·

253 1107 348 1175 beru,
369 1112 533 1163 mouerunt.

294 1201 397 1279 Satyro
417 1200 526 1271 exinde
549 1197 650 1259 sumsit
673 1197 832 1259 exordium.
881 1199 995 1279 Estque
1020 1202 1113 1277 genus
1133 1198 1250 1272 fabulas,

254 1318 320 1377 que
334 1318 373 1359 ex
393 1297 514 1377 Satyris,
535 1315 606 1374 quos
626 1295 722 1364 illotos
736 1306 767 1355 et
779 1296 944 1376 petulantes
959 1296 1042 1357 Deos
1054 1315 1121 1363 esse
1135 1297 1252 1369 snmus,

254 1415 362 1456 nomen
375 1394 487 1455 sumsit.
529 1393 596 1459 Fuit
609 1404 707 1453 autem
721 1392 871 1469 ejusmodi,
885 1392 963 1452 utin
973 1412 1019 1464 ea,
1032 1393 1165 1472 quamvis
1179 1393 1252 1453 duro

254 1505 287 1554 et
294 1493 404 1572 afflasti
420 1495 499 1571 joco,
519 1501 617 1561 tamen
629 1490 700 1550 vitia
712 1489 870 1561 hominum,
892 1489 953 1548 sine
967 1490 1028 1550 ullo
1040 1490 1149 1578 proprii
1162 1489 1254 1552 nomi·
1292 1521 1297 1529 ·

254 1591 300 1651 nis
312 1590 409 1662 titulo,
430 1598 629 1667 carperentur,
644 1598 733 1667 atque
743 1606 797 1666 per
806 1587 928 1666 scirpos,
948 1598 980 1646 et
993 1588 1158 1667 aemgmata,
1173 1607 1254 1667 mag·

255 1707 302 1746 nae
315 1707 362 1748 res
377 1687 620 1747 describerentur.
661 1685 698 1744 Id
715 1704 785 1744 vero
804 1702 897 1763 genus
917 1683 1024 1753 fabulae
1045 1685 1144 1744 multis
1160 1684 1255 1747 obfirit

255 1782 359 1862 poetis,
369 1802 457 1861 quum
468 1783 498 1840 in
506 1780 704 1869 suspicionem
712 1780 881 1860 potentibus
892 1779 1002 1839 civibus
1009 1781 1166 1853 venissent,
1176 1781 1256 1860 quod

254 1880 370 1940 illorum
382 1879 462 1940 facta
474 1867 696 1958 descripsissem
712 1877 744 1938 in
761 1883 854 1957 pejus,
875 1897 911 1937 ac
925 1878 1138 1940 deformassent
1149 1879 1256 1940 fabulae

255 1997 352 2056 genus
365 1977 432 2037 stilo
446 1962 590 2036 carminis

297 2074 370 2133 nost
382 2072 528 2135 exoletam
543 2071 678 2150 Satyrum
690 2069 840 2130 inventurn
858 2082 903 2130 est
915 2091 935 2131 a
946 2073 1040 2151 podis
1054 2072 1132 2132 aliud
1144 2072 1254 2132 fabulae

256 2188 363 2249 genus,
385 2188 451 2246 quae
466 2168 599 2228 Comaedio
614 2166 778 2229 usco-dicta
799 2179 853 2228 est.
895 2169 941 2229 Ea
954 2182 1018 2229 erat
1029 2169 1138 2241 fabula,
1160 2169 1254 2228 confi·

258 2268 332 2325 nens
341 2265 501 2343 imaginem
519 2262 645 2324 civilium
666 2283 702 2323 ac
720 2264 898 2343 privatarum
911 2285 1025 2326 rerum:
1045 2284 1104 2344 qua
1122 2266 1255 2326 dimeba·

255 2373 317 2432 tur,
336 2361 412 2440 quid
420 2371 500 2420 meet
518 2360 549 2419 in
566 2359 625 2419 vita
645 2360 727 2431 utile,
747 2361 819 2439 quid
831 2361 1020 2421 evitandum..
1048 2362 1137 2423 Unde
1150 2363 1192 2422 ait
1205 2362 1255 2423 ci-

258 2479 339 2528 nero,
360 2457 543 2522 conadam
556 2477 620 2520 esse
636 2458 827 2522 imitationem
843 2458 921 2533 ritae,
931 2461 1084 2539 speculum
1100 2471 1257 2522 consuetu·

254 2556 350 2632 dinis„
363 2556 523 2635 imaginem
533 2556 671 2632 septais.

299 2654 407 2711 Nomen
416 2652 507 2711 habet
520 2652 654 2723 comedia,
667 2651 714 2711 rel
728 2671 747 2710 a
760 2652 862 2723 Come,
878 2653 946 2712 Deo
959 2655 1187 2727 comessationis,
1207 2656 1255 2715 vei

252 2749 297 2812 ab
313 2767 349 2806 eo
367 2747 449 2826 qnod
459 2746 582 2825 primum
597 2746 799 2807 'numeneus
814 2748 867 2826 per
878 2750 958 2809 vicos
971 2752 1069 2812 adhuc
1082 2752 1209 2832 dispersi
1219 2773 1257 2813 ex

254 2843 392 2906 omnibus
411 2843 483 2901 locis
502 2841 562 2901 laeti
582 2843 753 2922 alacresque
768 2845 997 2908 conveniebant:
1018 2849 1116 2927 ibique
1136 2849 1257 2910 rudibus

255 2950 292 2999 -et
312 2938 429 2999 incultis
442 2938 575 2998 uersibus
587 2940 794 3019 potentiorum)
815 2942 994 3023 aliorumque
1016 2945 1087 3004 item
1107 2945 1257 3006 bominum
1311 2958 1313 2963 '

257 3036 331 3097 ¹vitia
343 3036 511 3098 nominatim
524 3038 770 3115 perstringebant.
810 3039 928 3103 Nomen
940 3052 1038 3101 autem
1055 3044 1257 3123 compositum,

260 3135 380 3194 ἀπὸτοῦ
399 3135 532 3212 κωμάζειν
545 3136 591 3191 καὶ
602 3131 690 3209 ᾅδειν.
730 3134 768 3193 In
781 3155 901 3209 summo,
921 3138 1073 3199 Comoedia
1088 3152 1134 3200 est
1151 3159 1259 3220 poema

259 3230 316 3289 snb
328 3229 491 3290 inritatione
505 3230 574 3290 ritae
593 3250 630 3291 ac
651 3231 837 3293 similitudine
850 3237 1051 3314 compositum,
1072 3238 1102 3297 in
1122 3250 1208 3317 gestu
1227 3250 1258 3297 et

260 3327 498 3407 pronunciatione
517 3328 689 3392 consistens.
730 3330 767 3388 In
789 3351 825 3391 ea
846 3333 1008 3393 mediocres
1022 3334 1144 3393 fortunae
1164 3335 1259 3395 homi·

261 3446 341 3497 num,
356 3425 436 3503 parvi
449 3410 583 3503 impetus,
597 3425 727 3504 pericula
737 3429 912 3506 quotidiana,
927 3432 1094 3491 turbulenta
1107 3431 1257 3511 principia.

260 3524 380 3603 testique
393 3522 634 3595 breruutexitrn,
659 3531 690 3583 et
705 3522 776 3586 licta
798 3540 978 3606 argumenta.
1020 3530 1122 3590 caruit
1142 3538 1259 3609 quoque

181 3659 186 3672 .
262 3620 353 3679 choro
363 3640 440 3679 nova
448 3619 615 3693 Comoedia,
628 3632 826 3702 nonunquam
836 3623 940 3698 Vetus,
953 3626 1149 3706 paulatimque
1159 3646 1259 3706 perso·

260 3733 365 3775 narum
374 3736 497 3776 numero
509 3716 540 3774 in
554 3715 680 3795 quinque
696 3718 792 3778 Actus
806 3722 967 3799 processit:
989 3725 1068 3801 quod
1080 3735 1151 3783 tunc
1169 3743 1260 3803 quum

262 3810 301 3871 ad
314 3822 449 3871 cantores
462 3815 500 3871 ab
514 3813 659 3873 nomnibus
671 3816 811 3877 transibat
827 3818 935 3890 fabula,
950 3833 1141 3899 consurgeret
1156 3833 1186 3881 et
1198 3822 1259 3881 abi·

263 3919 309 3967 ret
318 3908 454 3987 populus.
493 3909 531 3967 In
544 3929 580 3970 ea
593 3911 681 3970 etiam
700 3931 888 3992 personarum
904 3927 1024 3975 ornatus
1034 3918 1112 3979 vsalius
1125 3919 1260 3978 inventus

262 4014 318 4076 est,
331 4005 427 4084 pallia,
437 4005 528 4076 socci,
540 4015 574 4065 et
586 4007 617 4065 id
631 4027 723 4086 genus
735 4022 853 4070 caetera.

305 4101 377 4162 Post
389 4121 494 4162 novam
506 4102 687 4164 Comoediam
699 4106 793 4166 Latini
803 4107 895 4167 multa
904 4108 1065 4169 fabularum
1077 4131 1187 4189 genera
1196 4131 1263 4190 pro·

261 4198 402 4273 ‘unierunu
414 4219 480 4280 quae
490 4211 588 4261 tamen
601 4189 760 4264 Comoedias
770 4205 952 4267 dicebantur.
983 4205 1105 4285 Togatae
1114 4208 1261 4268 vocabant

245 4357 249 4362 ,
264 4316 283 4357 a
297 4297 421 4359 scenicis
434 4299 619 4372 indumentis,
634 4321 700 4380 quae
715 4301 879 4361 Romanam
889 4313 986 4382 togam
997 4324 1058 4383 prae
1071 4324 1103 4364 se
1116 4304 1262 4376 ferebant,

260 4395 539 4477 e't'ab‘urgumentis
552 4396 691 4470 Latinior
705 4398 889 4462 Protectores
908 4419 927 4460 a
943 4399 1086 4478 dignitate
1107 4413 1138 4462 et
1155 4402 1262 4464 vestitu
