2917 4950
230 397 300 466 504
567 395 950 473 HEAUTONTIM.

230 585 274 651 Id
284 603 388 670 quum
397 584 568 667 studuisti,
579 586 637 652 isti
648 586 767 652 furmae
775 591 814 652 ut
824 604 936 651 mores
946 583 1143 651 consimiles
1154 583 1281 651 forent:

232 697 453 782 Minimeque,
475 698 525 764 itu
540 718 594 763 me
609 699 656 763 Di
671 707 795 779 ament,
817 701 921 764 miror
942 701 973 766 si
993 704 1029 764 te
1051 697 1118 764 sibi
1140 698 1283 783 quisque

362 808 504 894 expetit.
714 808 717 811 ’

230 920 322 987 Nam
336 919 419 985 mihi
434 919 534 1005 quale
546 918 718 1003 ingenium
731 919 886 1000 haberes,
909 921 975 986 fuit
989 920 1117 986 iudicio
1133 920 1255 986 oratio.

230 1028 277 1096 nt
289 1050 394 1114 quum
409 1034 542 1112 egomet
554 1048 646 1094 nuuc
658 1048 792 1095 mecum
804 1030 841 1095 in
851 1031 965 1096 auimo
977 1032 1082 1098 ritum
1096 1035 1190 1096 tuam
1205 1049 1283 1095 con-

360 1140 484 1219 sidero,
1258 1145 1278 1202 5

207 1253 457 1353 k0mninmquc
465 1251 552 1350 odeo
560 1255 762 1332 vostrarum,
772 1252 977 1335 vulgusquae
986 1251 1030 1315 'ab
1041 1270 1079 1316 se
1088 1252 1279 1333 segregant:
1352 1240 1353 1243 '

229 1364 273 1430 Et
281 1383 344 1430 vos
353 1381 430 1428 esse
440 1361 645 1439 istiusmodi,
656 1366 690 1426 ct
697 1381 762 1428 nos
771 1368 841 1427 non
849 1380 939 1440 csse,
950 1361 1043 1426 haud
1051 1360 1205 1439 mirabile
1217 1364 1278 1423 est.

172 1494 175 1504 ’
192 1508 197 1513 ·
229 1475 322 1542 Nam
336 1473 476 1560 expedit
488 1474 599 1555 bonas
613 1493 691 1540 esse
705 1474 824 1541 vobis:
839 1492 914 1550 nos,
936 1471 1140 1556 quibuscum
1150 1475 1202 1536 est
1211 1490 1277 1547 res,

356 1604 425 1649 uon
438 1584 569 1649 sinunt:
646 1638 652 1649 .

228 1778 498 1842 tuitjsmdeiensionem
507 1794 572 1827 susm
580 1779 673 1828 ridetur
680 1796 729 1829 me·
779 1788 826 1830 tem
837 1782 911 1829 boues
922 1795 973 1828 csse
983 1769 1116 1827 concinunt
1124 1779 1157 1837 hi,
1165 1796 1217 1827 cum
1228 1779 1278 1842 quie

228 1852 302 1900 retrix
313 1866 408 1911 excrse5
417 1851 530 1912 siquidem
539 1852 728 1915 scitqucdcpcr·
778 1855 822 1902 bus
837 1870 886 1902 rem
902 1854 1022 1900 hebemus.
1040 1855 1101 1900 Num
1113 1859 1209 1915 propter
1226 1852 1278 1912 pul·

228 1932 277 1973 teat
286 1925 345 1981 fieri,
357 1930 381 1971 et
390 1924 471 1972 laudet
481 1939 541 1980 enm,
550 1940 601 1985 qum
612 1941 664 1973 cum
675 1927 728 1987 pul·
778 1926 931 1974 chritudinem
939 1933 1043 1973 nocuum
1053 1931 1167 1973 amatores
1176 1940 1227 1972 esse
1236 1940 1278 1970 rc·

227 1997 728 2058 chritudiueteuetiutegrnmcastitstem.E.
777 1999 835 2056 lunt,
846 1999 886 2060 qui
897 1998 1006 2046 contiuuo
1020 2005 1111 2045 mutant
1126 1999 1274 2054 voluntatem,

260 2076 276 2120 2
293 2067 378 2117 Fcrmc
393 2076 421 2116 ut
436 2083 504 2116 mores
514 2070 631 2117 consimiles
634 2069 727 2134 forent]
778 2072 879 2120 nituerit
887 2073 960 2119 forme
969 2076 1064 2119 mutate.
1081 2072 1154 2133 Ergo,
1166 2070 1213 2118 nisi
1223 2086 1276 2131 prc-

228 2141 302 2189 Mcres
308 2140 370 2188 euim
378 2140 467 2202 pudici,
472 2141 584 2203 gratiores
592 2157 643 2189 ecce
653 2143 729 2191 solent
778 2152 883 2207 spectum
891 2152 944 2192 sntc
953 2144 1032 2199 fuerit,
1042 2145 1130 2191 deum
1137 2151 1162 2191 et
1169 2143 1276 2190 cumino·

226 2214 251 2261 iu
266 2213 364 2275 pulchro
380 2229 486 2275 corpore.
519 2214 604 2277 virgil.
621 2215 676 2263 AEu.
695 2217 726 2265 V.
777 2217 1086 2279 pieinseuectuteoivimue.
1102 2217 1171 2264 Unde
1180 2215 1215 2262 sic
1223 2232 1277 2279 pur·

227 2287 284 2336 ³44.
293 2287 383 2349 gratior
391 2293 414 2332 et
421 2285 610 2347 pulchrouenicnc
619 2303 631 2335 e
640 2303 728 2350 corpere
777 2292 864 2351 gutum,
876 2290 1002 2354 quodssmele
1013 2289 1093 2336 audire
1101 2288 1225 2350 potuisset,
1232 2303 1276 2336 nen

133 2374 137 2395 ι
226 2359 306 2405 virtus.
323 2359 352 2405 G.
772 2364 837 2423 juste
847 2365 920 2411 metes
931 2378 982 2411 esse
992 2361 1134 2410 meretrices.
1151 2363 1181 2409 Ε.

259 2433 276 2479 3
291 2429 339 2480 siti
346 2432 436 2496 quisquc
443 2432 533 2497 expetit]
546 2433 621 2480 Recte
628 2434 726 2495 espettt3
807 2435 838 2484 In
849 2437 923 2484 animo
932 2433 1054 2497 concidero]
1076 2435 1124 2482 Pro
1135 2450 1165 2481 ec
1175 2434 1237 2483 dixit
1249 2433 1274 2482 iu

192 2519 195 2523 ’
226 2522 279 2553 cum
291 2521 342 2554 eum
357 2521 371 2552 u
384 2507 497 2569 pudicitie
511 2508 662 2556 commendet.
681 2507 726 2555 Er·
775 2509 813 2556 Ad
823 2511 872 2557 111.
883 2513 907 2558 4.
918 2510 959 2558 55.
970 2524 1022 2557 cum
1033 2510 1107 2555 crtimc
1114 2509 1206 2572 cogitur.
1223 2509 1273 2555 Scl-

223 2581 320 2642 petimce
335 2579 397 2627 enim
408 2586 496 2628 tuntum
508 2596 545 2636 cs,
563 2596 623 2642 quie.
631 2581 727 2628 honeste
775 2581 830 2629 lust.
843 2582 869 2629 in
878 2582 994 2642 sugunt·
1007 2596 1029 2627 e.
1042 2584 1081 2629 13.
1091 2581 1118 2628 in
1126 2582 1171 2627 ctio
1178 2578 1274 2644 fucinus

226 2658 288 2708 runt,
304 2659 329 2698 et
343 2652 411 2713 ptem
428 2654 497 2699 bone.
523 2653 594 2700 Unde
610 2653 640 2700 de
655 2655 726 2701 rebus
774 2669 841 2700 suum
850 2668 904 2701 cum
917 2655 991 2701 auimo
999 2659 1105 2713 repetam
1118 2652 1160 2700 ubi
1171 2669 1195 2701 v.
1210 2654 1274 2701 cort.

225 2724 349 2785 ecpcttndie
358 2723 526 2787 ephilcscphis
537 2725 662 2785 scriptum:
674 2740 725 2786 qum
775 2727 805 2773 R.
818 2726 849 2772 D.

224 2795 317 2845 scilicet
326 2796 376 2858 peti
386 2796 479 2844 debent.
496 2796 524 2845 G.
807 2797 981 2862 6Vctgmquae
993 2799 1065 2845 coste
1075 2797 1203 2862 segregant]
1219 2800 1274 2846 Hoc

259 2869 402 2932 Minimeque,
417 2871 451 2917 itu
465 2885 498 2917 me
511 2868 556 2932 Di]
573 2869 664 2918 Etenim
678 2886 725 2917 non
774 2876 818 2927 est,
825 2885 899 2931 neque
905 2871 1036 2931 promiscue
1041 2884 1144 2931 quosque
1151 2870 1273 2933 recipiunt.

225 2942 294 2991 vslde
304 2941 383 2997 miror,
394 2941 482 2999 si‚cum
492 2942 529 2989 his
539 2941 642 2989 moribus
649 2949 673 2989 et
680 2943 725 2989 hac
775 2946 802 2991 0.

226 3015 260 3063 sis
269 3013 448 3077 pulchritudine,
459 3030 489 3061 ne
504 3013 577 3078 (dele,
587 3029 616 3061 ue
629 3012 668 3077 Z.)
678 3029 724 3060 non
808 3015 915 3064 Omnium
930 3015 1064 3078 vestrarum]
1076 3015 1117 3063 Sic
1134 3015 1221 3063 dicitnr
1230 3031 1272 3076 pru

224 3086 257 3135 sit
273 3086 356 3148 uliquis
366 3086 406 3147 qui
418 3092 442 3133 te
456 3085 548 3147 diliget,
559 3093 583 3133 et
593 3093 617 3133 te
627 3086 672 3133 sibi
683 3100 724 3146 pc-
774 3091 872 3136 crucium
883 3098 986 3144 morum,
999 3088 1159 3149 possessivum
1172 3104 1217 3150 pro
1226 3090 1274 3150 pri·

224 3166 266 3209 tet.
284 3162 313 3207 E.
773 3161 866 3218 mitirc,
877 3163 940 3223 qucd
953 3162 1078 3220 nomadum
1087 3168 1115 3208 ut
1124 3162 1272 3209 rarissimum.

225 3269 227 3273 ,
258 3236 276 3281 4
293 3231 381 3297 Oratio]
404 3234 475 3291 Quod
493 3233 590 3290 dixeris,
607 3248 660 3281 cum
678 3248 724 3280 uno
773 3234 804 3280 R.
815 3235 846 3294 D.

225 3306 288 3356 velle
299 3313 390 3353 aetutem
401 3307 527 3354 traducere.
548 3306 644 3367 Antiqui
655 3306 724 3356 etium
808 3305 896 3369 Vulgus
909 3321 957 3368 quc
971 3308 1000 3353 ab
1014 3322 1037 3354 se
1050 3306 1177 3370 segregant]
1197 3306 1230 3353 Η.
1249 3323 1271 3363 e,

223 3395 297 3445 puucs
309 3379 514 3433 verbecrstiouem
523 3380 641 3427 dixerunt.
657 3379 684 3426 C.
773 3394 826 3441 quse
836 3395 861 3426 se
877 3380 948 3441 vulgo
959 3380 1164 3441 ncnprostitunnt.
1188 3380 1272 3427 eontra

224 3491 227 3496 ,
258 3452 319 3501 Nam
338 3452 402 3510 miti,
419 3452 496 3516 quale]
524 3455 630 3514 Namque
648 3469 723 3501 mores
773 3453 835 3514 epud
843 3451 919 3498 Cicer.
928 3467 971 3514 pro
979 3453 1081 3499 Goelicc.
1093 3456 1133 3503 16.
1144 3468 1271 3514 weron-

224 3535 278 3576 tuos
288 3525 346 3573 mihi
357 3525 622 3574 scrmonibusindicsrti.
639 3526 668 3572 E.
773 3525 837 3571 uitus
846 3525 997 3588 pccctgaret.
1022 3526 1061 3572 Sic
1069 3526 1180 3587 vulgsres
1190 3528 1270 3574 mulie-

256 3601 272 3649 5
289 3598 320 3647 Et
329 3614 381 3647 cum
396 3599 490 3662 egomt]
508 3599 557 3646 Hic
567 3601 616 3660 J'em
632 3606 724 3660 reperet
772 3611 811 3643 res
821 3596 929 3645 dicuntur
939 3613 991 3658 quae
1007 3598 1113 3645 omuibus
1130 3599 1168 3645 sui
1182 3598 1271 3660 copiam

223 3671 376 3721 accusationis
387 3670 551 3729 defensionem,
559 3671 677 3732 queriuse
686 3687 723 3719 es-
772 3670 866 3717 faciunt.
878 3670 950 3719 Orid.
959 3671 1048 3719 Fmtcr.
1056 3672 1100 3718 IV.
1113 3673 1169 3719 865.
1179 3672 1271 3719 owine

223 3762 249 3794 se
263 3745 352 3809 pccsit3
368 3744 473 3805 dicitque
483 3744 575 3801 meritc,
590 3744 722 3804 hujusmodi
771 3742 874 3806 vulgares
887 3743 974 3791 Veneris
983 3746 1089 3792 eeteorme
1096 3744 1186 3804 puelle.
1200 3747 1228 3791 R.
1238 3747 1268 3791 D.

222 3818 339 3874 mulieres,
356 3834 408 3879 qum
425 3818 466 3864 uui
485 3818 597 3874 serviunt,
617 3816 661 3864 huc
677 3824 720 3873 est,
804 3820 820 3866 8
836 3815 897 3863 Num
906 3817 1193 3881 mpedittcncsoeseucbte]
1210 3818 1270 3874 Quis

222 3908 274 3953 quse
283 3906 308 3938 se
318 3897 425 3951 reperent
435 3907 449 3938 a
459 3892 540 3952 vulgo,
558 3897 621 3939 recte
632 3890 722 3939 scilicet
771 3891 882 3948 cnmsolc
891 3890 979 3938 vivitis.
997 3892 1047 3938 Nec
1055 3897 1193 3951 potestesse
1203 3907 1270 3938 verus

222 3970 247 4013 et
254 3965 313 4010 bene
318 3963 407 4009 fucere:
418 3977 461 4009 uec
468 3963 545 4010 minus
553 3961 720 4016 mutinam.
770 3979 843 4019 umor,
857 3963 903 4011 nisi
913 3964 973 4012 iuter
983 3966 1042 4012 duos
1054 3964 1094 4024 qui
1106 3963 1153 4010 sibi
1170 3965 1269 4013 invicem

222 4035 284 4098 quod
294 4034 429 4082 meretrices
439 4036 507 4083 mulus
516 4042 577 4083 sunt.
595 4035 649 4082 Hoc
659 4034 721 4081 euim
769 4036 839 4083 tidem
855 4044 964 4085 servent:
982 4039 1052 4098 juxte
1067 4036 1126 4083 illud
1144 4037 1232 4084 Seuecs
1243 4039 1268 4085 in

222 4107 298 4157 dixit:
314 4108 570 4163 mummoeiuimmcdi,
588 4115 659 4154 etum
674 4122 721 4154 nen
769 4112 852 4171 Agam.
863 4111 894 4155 V.
910 4112 1099 4171 259.nccreguc
1113 4112 1268 4159 nectaedaerc·

114 4173 116 4178 ¹
220 4178 453 4237 “ammirabile
462 4188 500 4227 est.
517 4179 591 4227 Vobis
599 4178 719 4226 enimcum
768 4183 886 4242 ctumpati
896 4183 976 4230 vatent.
1000 4183 1048 4231 Ubi
1058 4183 1207 4230 notsudsest
1220 4185 1267 4230 bec

221 4255 252 4302 sit
262 4253 369 4300 voluutss
383 4269 436 4300 cum
453 4268 498 4300 unc
509 4252 560 4300 viro
578 4267 670 4316 sempor
682 4268 719 4299 es·
770 4260 898 4316 structura:
915 4254 971 4302 miti
984 4256 1070 4317 expedit
1079 4271 1121 4303 esse
1131 4256 1220 4314 mum,
1237 4267 1266 4312 et,

218 4342 253 4382 se,
264 4326 355 4378 debetis
365 4341 458 4373 servare
468 4325 608 4374 bonitatem:
624 4340 668 4374 nos
679 4341 720 4371 uu·
768 4325 824 4374 miti
833 4327 918 4387 erudit
927 4342 969 4375 esse
976 4329 1037 4377 burc.
1052 4327 1080 4376 C.
