2917 4950
245 401 312 472 tte
548 437 552 449 ·
633 400 907 469 EUNUGHI

247 588 383 657 Tamen
397 590 587 655 contemtus
600 589 664 655 abs
678 594 724 667 te,
738 589 814 657 hrec
828 588 932 655 habui
946 587 981 652 in
996 585 1169 663 memoria,
1232 617 1240 640 .·
1248 590 1293 656 90

246 700 301 767 Ob
314 700 391 767 haec
405 699 498 765 facta
511 701 575 765 ebs
589 704 622 764 te
637 719 788 784 spernor.
811 700 853 764 T.
868 696 962 778 Quid
974 698 1063 774 istic,
1077 693 1260 760 Phaedria?

247 809 467 894 Quamquam
481 809 575 875 illam
589 810 693 893 cupio
708 809 887 887 abducere,
903 813 1006 893 atque
1020 808 1085 872 hac
1098 826 1134 871 re
1152 805 1296 871 arbitror

175 901 178 906 ’
248 921 291 986 ld
305 922 379 985 fieri
392 938 497 1005 posse
510 940 686 985 maxume:
708 926 948 997 verumtamen,

181 1037 184 1049 '
248 1031 372 1096 Potius
388 1051 489 1116 quam
503 1036 536 1096 te
550 1031 724 1096 inimicum
738 1030 894 1108 habeam,
905 1028 1030 1094 faciam
1045 1032 1083 1093 ut
1092 1027 1250 1111 jusseris.

249 1139 321 1207 ΡΗ.
342 1141 482 1208 Utinam
495 1142 584 1209 istuc
597 1144 736 1209 verbum
751 1162 796 1207 ex
811 1143 923 1207 animo
939 1160 980 1205 ac
995 1159 1072 1204 vere
1087 1137 1229 1215 diceres,
1251 1144 1295 1209 95

245 1354 301 1387 esse
310 1338 391 1403 aitz.)
422 1338 469 1388 Pro
477 1341 579 1390 cratetur
587 1338 650 1402 aa]
659 1341 749 1387 Recen
798 1355 825 1387 ec
834 1354 867 1387 re.
900 1341 990 1401 Nempe
1004 1336 1300 1393 nonerrteere'l'neidis,

247 1411 309 1460 tion
318 1410 439 1468 beneflcio,
455 1412 562 1474 puriora
576 1413 698 1460 adversum
713 1411 749 1459 in·
797 1411 917 1474 speciatim
922 1412 1000 1459 dicere
1005 1426 1082 1458 coram
1088 1409 1222 1457 exulcerato
1228 1410 1300 1456 Phre-

247 1490 399 1546 3rutoeeunt.
425 1486 624 1547 Ergosterupore
634 1483 751 1531 inducitur
798 1483 1050 1548 driaqweidquod
1066 1481 1301 1543 cupiebstfieripos-

249 1554 407 1619 exprobratio.
441 1554 488 1603 Pro
503 1555 605 1603 ombodm
618 1555 682 1620 Me]
698 1557 750 1603 Me·
799 1563 836 1604 set
849 1556 957 1610 maxime,
971 1571 1004 1602 sc.
1020 1554 1128 1602 Phoedrie
1143 1554 1301 1612 excludendo,

229 1671 233 1677 .
248 1627 296 1675 iius
309 1628 428 1676 amborum
441 1628 541 1688 pretinm
555 1627 625 1687 dixit,
640 1644 708 1689 qnam
722 1636 750 1676 ut
798 1629 915 1677 Thrasone
921 1627 1070 1676 admittendo.
1093 1626 1148 1674 Nisi
1154 1626 1231 1687 leges:
1243 1643 1300 1674 nac

250 1698 373 1762 seper-etim
388 1699 486 1756 diceret,
495 1706 581 1763 quanto
589 1702 670 1749 emerit
678 1701 750 1749 ancil·
801 1716 844 1749 us.
876 1700 929 1748 Non
938 1701 1045 1764 dicitque
1056 1699 1228 1762 doceatur).
1250 1701 1302 1747 Ve-

249 1772 322 1821 iulum
344 1773 448 1833 nigrnmz
471 1775 501 1821 de
516 1790 561 1834 que
579 1790 636 1822 rnox
651 1773 750 1830 dicetur,
798 1780 916 1821 ruutemen
941 1773 987 1820 soit
1009 1771 1128 1828 meretrix,
1153 1772 1303 1822 contentione

250 1842 288 1893 tte
298 1852 352 1892 erent
365 1853 408 1893 tres
421 1846 492 1894 minc.
524 1847 585 1893 Nam
596 1853 686 1893 eonsnrt
701 1847 750 1895 Eu·
799 1847 902 1908 quredam
923 1844 1002 1908 negari
1025 1844 1107 1908 (leget
1136 1858 1237 1892 vunnu.
1252 1861 1302 1893 ra-

250 1918 350 1963 nuehum
367 1916 441 1964 solnm
458 1925 544 1965 erutum
561 1934 612 1967 esse
624 1919 692 1965 minis
713 1918 750 1965 ri·
800 1918 871 1981 mun]
887 1917 933 1966 Scit
942 1919 1045 1965 memte
1055 1918 1186 1965 commu
1198 1920 1303 1980 paedor

251 1989 324 2050 ginti3
352 1995 378 2035 ut
396 1989 449 2052 ipse
470 1990 583 2038 Parmeno
604 1991 750 2039 confitebitur
799 1991 875 2038 teceri
916 1990 990 2048 Quam
1006 1990 1138 2044 tentionem,
1155 1987 1246 2049 opinor,
1261 1991 1302 2040 iir-

251 2062 310 2109 seni.
328 2062 360 2109 D.
549 2097 551 2100 -
798 2061 1007 2124 mentsequentiu).
1040 2061 1303 2123 Ergofirgirrerinei,

284 2132 363 2194 Megia
372 2132 518 2195 magnificum
530 2143 603 2192 sonet.
620 2137 682 2199 quod
696 2139 750 2186 cod.
801 2143 827 2182 nt
835 2135 1004 2183 odolescentem
1015 2134 1117 2181 molliet:
1134 2142 1158 2182 et
1164 2135 1215 2195 ipsa
1225 2135 1303 2193 cedit,

249 2205 279 2251 0.
290 2206 317 2252 G.
330 2207 408 2260 hebet,
420 2205 467 2254 tert
477 2209 548 2254 miuus
556 2224 598 2269 pro
608 2210 708 2258 urndodur
717 2212 751 2258 ot·
799 2214 826 2255 ut
836 2216 860 2254 et
867 2208 907 2255 ilie
914 2207 1018 2254 remittet
1028 2203 1184 2269 pertinacium.
1201 2209 1244 2256 D..

246 2278 311 2340 giuti
324 2278 385 2325 dedi.
419 2281 492 2340 Atque
508 2287 588 2328 auctor
598 2281 657 2328 solet
669 2283 751 2346 uiginti
810 2284 865 2330 *93
881 2280 981 2327 Suevius
997 2287 1071 2336 sonat,
1087 2279 1260 2343 &imfimo
1276 2289 1305 2330 “²

251 2348 311 2395 iliud
320 2365 406 2410 ponere
417 2350 504 2398 insede
514 2353 602 2413 quinta.
618 2356 646 2400 B.
799 2352 858 2400 intra
866 2354 910 2400 IV.
922 2355 945 2399 7.
959 2356 981 2400 9.
1000 2353 1028 2399 Β.

285 2425 318 2471 90
335 2422 416 2470 Temere
432 2432 552 2473 contemtio
562 2425 600 2473 abr
614 2427 647 2491 te]
665 2428 696 2474 Et
706 2428 750 2474 troc
832 2428 865 2473 94
881 2424 960 2472 Potius
970 2440 1036 2487 quam
1046 2426 1190 2474 teinimieum
1201 2426 1306 2487 aanor,

250 2502 357 2543 eerratm
377 2496 401 2544 in
422 2497 547 2545 benefieiis.
586 2500 647 2546 Nam
664 2503 751 2561 majore
791 2496 881 2562 facum
890 2497 1027 2560 ctjurrms]
1043 2500 1306 2562 Hectotumioquitur,

249 2567 465 2623 contemnentibus
473 2570 561 2619 meritis
573 2574 750 2635 eorumquibna
799 2577 907 2632 tanquam
924 2570 999 2631 magis
1017 2571 1069 2632 ipso
1086 2578 1148 2619 amet
1160 2574 1305 2632 Ptraedriem,

250 2645 396 2698 pmstantur.
413 2642 445 2688 D.
702 2676 703 2681 ,
729 2669 733 2676 ·
799 2658 867 2702 quam
875 2643 904 2688 ab
914 2642 956 2690 illo
965 2649 1060 2690 ametur.
1094 2642 1306 2693 Teiaimr'cumho·

284 2713 315 2759 91
333 2710 366 2757 Oi
377 2711 500 2777 dorserta
510 2714 548 2762 obe
558 2722 579 2762 te
595 2715 695 2780 operarer]
709 2715 750 2764 ste
799 2714 870 2778 brem]
882 2713 946 2761 Huic
954 2715 1094 2763 eunomium
1110 2723 1227 2773 estatio
1244 2722 1306 2767 cmi·

251 2779 578 2844 vtrg.AEe.1v.2rr.'-ner
588 2801 682 2834 munero
697 2795 750 2837 tem·
798 2802 850 2834 erem
863 2785 960 2834 debeam.
992 2787 1083 2836 Faciam
1093 2789 1231 2853 rejeceris]
1250 2794 1305 2841 Nec

248 2853 294 2914 piis
301 2855 382 2917 qnippe
389 2856 682 2922 tuirserimrrs,fumumqae
687 2858 749 2920 fone·
799 2859 926 2915 voluntate,
939 2875 982 2909 uec
996 2860 1062 2909 vultu
1072 2862 1238 2910 consentientis
1257 2866 1305 2914 hoo

251 2928 403 2974 murinorum.
436 2929 750 2992 Et,ectqnartoltt,oumin·
799 2931 908 2978 meretrix
930 2930 979 2992 agit
996 2931 1067 2997 (lege,
1087 2935 1130 2981 uit.
1167 2935 1220 2982 Neo
1239 2938 1305 2986 enim

250 2999 517 3059 terrogutioneantcum
528 3001 685 3064 increpatione
696 3019 750 3065 pro·
799 3001 856 3062 agit,
868 3018 911 3050 neo
928 3008 1008 3050 actura
1023 3012 1068 3063 est,
1087 3008 1130 3053 sed
1147 3022 1174 3054 se
1189 3008 1305 3059 tecturam

251 3069 306 3116 ferri
317 3076 403 3130 potest.
437 3070 470 3118 Oi
484 3072 751 3136 dcesoctoabsterper·
800 3074 855 3139 eit):
876 3075 917 3123 red
933 3075 1104 3125 callidetentet
1119 3079 1204 3127 omnia.
1239 3084 1305 3132 Nam

249 3140 304 3204 nor]
321 3142 369 3187 Hic
379 3141 467 3202 duplex
477 3150 513 3190 est
523 3145 696 3203 pronunciatio:
712 3148 751 3195 vel
800 3146 855 3208 quin
868 3147 1013 3209 persistendo
1027 3164 1072 3196 non
1082 3151 1171 3210 perficit
1185 3155 1249 3215 quod
1262 3173 1306 3204 ex·

250 3225 296 3272 per
312 3210 450 3260 invidiosum
470 3217 620 3275 prolationem
638 3216 703 3280 (iege
720 3235 751 3266 ex
800 3221 1305 3288 metanoetoeetphaerriametimiprum

250 3283 290 3331 ed.
301 3283 384 3331 Venet
400 3291 424 3331 et
434 3285 528 3348 Argent.
542 3289 751 3352 exprobrationem),
801 3291 1051 3353 negligentiusnegure
1071 3297 1133 3357 qnod
1152 3299 1267 3360 poscitur.
1280 3311 1305 3350 et

251 3356 291 3402 rel
309 3371 353 3420 per
373 3356 582 3419 interrogationem.
615 3363 647 3410 Et
668 3364 751 3411 meiius
800 3366 858 3413 adeo
869 3364 913 3412 iroe
923 3365 1007 3412 subtile
1018 3374 1061 3425 est,
1070 3375 1095 3415 nt
1104 3371 1182 3418 statim
1189 3371 1305 3435 impetre-

251 3429 294 3476 heo
312 3430 470 3490 modo,.quem
487 3431 650 3496 interrogative
663 3437 751 3496 profer·
800 3438 867 3485 verit.
906 3436 1073 3500 Pervngetnm
1090 3443 1127 3489 eet
1142 3443 1211 3500 enim,
1229 3449 1305 3507 Quod

251 3507 304 3548 tur:
321 3502 359 3548 hio
379 3502 439 3549 enim
455 3509 491 3550 est
508 3505 688 3568 multograrior
702 3508 751 3555 illo.
800 3525 887 3558 summa
897 3509 921 3558 vi
937 3511 1076 3569 defenderis,
1092 3529 1161 3574 quum
1176 3511 1306 3581 extorque·

253 3573 316 3626 Quid
326 3572 399 3636 irtici]
417 3575 471 3622 Hoc
479 3577 614 3625 adverbium
623 3580 751 3629 consentire
799 3589 871 3637 retur,
881 3582 925 3630 hoe
935 3582 997 3631 idem
1007 3587 1154 3645 postmodum
1162 3589 1256 3639 remitte
1267 3609 1305 3641 rc·

185 3671 187 3676 ·
251 3644 384 3707 incipientis
401 3654 444 3695 ert.
462 3654 486 3695 et
505 3657 541 3696 est
556 3648 663 3708 interdu:
684 3651 751 3700 deest
798 3653 907 3702 mittenti.
924 3656 963 3703 D..

252 3717 312 3771 enirn
323 3734 467 3777 cerneremur,
478 3728 517 3767 unt
527 3720 584 3782 quid
594 3722 648 3770 trie.
667 3724 697 3770 D.
832 3729 864 3776 95
883 3726 975 3775 Urinam
993 3730 1054 3778 istac
1069 3733 1171 3797 orbum]
1189 3736 1222 3782 lit
1242 3738 1306 3787 r'etrrc

275 3789 751 3857 etcopioaetueere]rttduceredixir,rm·
799 3800 897 3857 cerium,
917 3815 961 3862 pro
980 3807 1029 3850 tota
1050 3806 1169 3854 sententio.
1186 3807 1306 3858 -Verdum

252 3863 627 3926 qurmabstnltmneoperrerum
635 3866 750 3925 meritum,
800 3873 924 3933 predicto.
957 3874 1005 3922 Sed
1015 3876 1248 3941 propriedffiepadd
1258 3889 1307 3939 est,

253 3934 295 3980 sed
307 3949 349 3994 per
358 3935 469 3983 fraudem.
486 3937 570 3985 Cicero
578 3941 643 4000 verr.
652 3941 700 3988 111.
709 3943 750 3989 34.
801 3946 1173 4012 sententiareienunoietio,quae
1182 3967 1229 3999 uno
1243 3953 1307 4016 liga·
1389 3985 1393 3992 ·

254 4005 300 4053 Per
308 4007 351 4053 eim
359 4008 510 4069 etpredolum
521 4010 616 4058 obductu
626 4014 653 4059 ab
665 4012 752 4060 Rhodie
800 4024 839 4064 tor
848 4025 873 4065 et
879 4019 1014 4081 astringitur
1024 4023 1105 4078 verbo,
1116 4024 1227 4071 endum
1238 4034 1307 4074 rete-

253 4078 347 4125 tr'tieiae.
384 4078 455 4141 Atque
471 4078 513 4127 doe
528 4097 553 4128 re
571 4083 681 4146 arbiror]
698 4087 753 4133 Non
781 4090 865 4137 ,ribus
873 4091 997 4140 dioebatur.
1032 4092 1306 4154 &commemori-

252 4149 310 4197 dicit
321 4162 373 4210 qur,
388 4150 432 4198 hoc
443 4158 488 4207 est,
499 4168 529 4199 ex
543 4161 566 4202 te
581 4153 646 4217 (edd.
658 4158 752 4204 Venett.
800 4160 869 4223 ones]
879 4164 963 4211 Certe:
980 4165 1034 4226 quie
1043 4172 1079 4214 eet
1088 4168 1127 4230 qui
1138 4184 1167 4215 ex
1176 4171 1256 4218 animo
1267 4174 1305 4220 ‹ti-

253 4220 306 4268 Nou
316 4222 379 4278 dicit,
389 4225 442 4284 quin
455 4223 493 4271 hoc
506 4234 536 4272 eet
553 4241 578 4272 er
591 4235 621 4274 te.
654 4229 754 4297 Videtur
801 4240 845 4290 cat,
857 4235 1012 4285 inliattamen.
1028 4239 1061 4285 D.

251 4294 390 4364 legendnm:
407 4310 451 4343 nou
462 4295 516 4343 dicit
524 4314 584 4365 -que,
600 4302 652 4362 orric
666 4300 707 4353 hoc
720 4310 753 4365 ¹ert
835 4303 949 4363 Eroaimo
958 4325 986 4356 uc
997 4311 1057 4374 om]
1069 4313 1089 4360 1.
1102 4327 1122 4363 e.
1131 4328 1161 4360 ex
1169 4314 1240 4371 enimi
1249 4332 1307 4375 uerr-
