2917 4950
236 411 304 481 om
573 408 960 514 nusurourrru.

239 597 334 677 Quid
354 596 421 662 hoc
442 599 581 663 antemi
605 618 711 663 senex
726 596 799 663 exit
820 595 934 661 foras:
959 612 1025 688 ego
1046 590 1152 677 fugio.
1174 589 1288 656 adhuc

367 707 459 791 quod
474 707 645 774 factum'st
1045 703 1048 708 ’

238 820 358 899 Miror,
368 820 531 885 continuo
544 841 613 885 non
622 818 770 906 jussisse
786 817 897 903 abripi
908 836 972 882 me.
988 809 1033 880 ad
1048 812 1289 879 Menedemum

364 929 453 994 hunc
467 949 614 1013 pergam.
771 935 774 940 ⁴

236 1040 325 1106 Eum
351 1038 451 1107 mihi'
467 1046 677 1123 precatorem
705 1058 812 1124 paro:
848 1039 922 1103 seni
950 1041 1067 1104 nostro
1095 1033 1175 1099 fidei
1202 1028 1290 1096 nihil

277 1149 282 1156 ⁴
363 1151 488 1216 habeo.

472 1509 595 1586 aar.
636 1510 682 1584 r.
738 1508 922 1588 senna
962 1510 1037 1585 111.
1115 1618 1117 1623 Ι

580 1711 753 1774 sosruara
771 1713 937 1762 canarias.

279 1854 534 1921 PROFEGTO
549 1856 616 1920 nisi
632 1876 735 1921 caves
746 1861 782 1918 tu
792 1827 907 1932 hamc,
920 1850 1051 1935 aliquid
1066 1856 1167 1935 gnato
1183 1851 1292 1919 conii·

364 1968 435 2032 cies
449 1968 550 2032 mali:

236 2075 346 2160 quue
360 2077 447 2142 adeo
460 2078 573 2156 miror,
587 2078 760 2161 quomodo

234 2187 323 2253 Tam
343 2187 495 2272 ineptum
516 2190 700 2273 quicquam
720 2188 782 2253 tibi
801 2186 837 2250 in
855 2188 1000 2250 mentem
1014 2182 1140 2276 venire,
1160 2184 1207 2248 mi
1223 2183 1291 2273 uir,¹

281 2301 283 2306 ’
363 2302 521 2383 potuerit.

236 2403 278 2474 G.
301 2409 436 2495 Pergin'
450 2411 571 2477 mulier
593 2405 716 2477 odio'sa
731 2411 832 2477 esser
864 2409 1035 2473 nullamne
1056 2426 1121 2490 ego
1142 2426 1212 2469 rem
1226 2425 1290 2470 un-

299 2560 301 2565 ·
364 2543 466 2606 quam
481 2526 517 2587 in
532 2525 603 2589 vita
617 2544 693 2587 mea
1266 2525 1289 2581 4

265 2685 298 2730 47
316 2683 377 2737 Quid
395 2691 470 2731 autem
481 2683 548 2748 doci]
569 2686 627 2731 Haec
638 2700 685 2731 ror
697 2691 734 2731 est
783 2685 891 2734 continuo
905 2689 1006 2739 notatur,
1022 2680 1088 2742 qnasi
1103 2695 1192 2726 moram
1203 2679 1288 2726 vitium

234 2755 347 2804 timentis.
375 2759 403 2804 G.
783 2766 819 2805 est
834 2758 901 2822 (post
916 2757 982 2804 velim
998 2755 1146 2814 interpungo,
1161 2762 1186 2799 et
1201 2760 1288 2799 caetera

267 2832 300 2876 48
324 2830 362 2875 Ad
378 2828 531 2877 Menedemum
549 2830 620 2894 itanc]
635 2831 683 2878 Ms.
703 2832 732 2877 R.

235 2901 288 2950 itinn
296 2916 359 2949 nanc
369 2902 399 2948 cd
406 2902 560 2950 Menedemum
569 2919 669 2965 pergam.
686 2905 715 2950 L.

268 2978 342 3038 Lege,
353 2977 538 3036 mir-oramjuae
545 2990 580 3021 me
589 2974 737 3035 diripimus:

234 3065 296 3095 nunc
319 3050 350 3095 cd
373 3047 526 3094 Menedemum
549 3049 610 3095 hanc
634 3061 735 3110 pergam.

235 3121 316 3167 Nostri
334 3122 426 3176 habent,
443 3122 512 3166 miror
526 3137 570 3167 non
581 3120 671 3182 jrtasisse
684 3119 737 3166 ilico

234 3194 308 3253 arripi
318 3208 364 3238 me:
381 3193 440 3248 irinc,
451 3192 495 3238 &a
514 3195 541 3239 B.

268 3268 302 3312 49
327 3265 380 3311 Seni
398 3273 470 3310 nostro
482 3264 553 3325 fidei]
570 3264 624 3309 Non
643 3264 736 3321 credam

236 3338 287 3386 seni
301 3336 368 3399 qnasi
378 3337 517 3397 ignoscenti,
532 3337 610 3397 itaque
626 3337 738 3383 Menede-

235 3428 298 3459 mum
309 3419 453 3472 precatorem
465 3412 556 3472 parabo.
574 3412 603 3456 E.

270 3487 334 3544 Lege
345 3500 375 3530 ex
387 3484 440 3530 cod.
456 3484 531 3547 regio,
551 3485 596 3530 seni
612 3492 686 3531 nostro
701 3483 736 3529 nil

226 3556 369 3619 fideihoieo.
397 3559 428 3603 B.

268 3632 283 3675 1
301 3627 403 3692 Profecto
420 3629 590 3691 nisieeces]1n
607 3631 650 3676 irac
668 3645 737 3679 scena

224 3698 365 3749 ‘conaretur
374 3703 452 3763 imago
459 3698 563 3762 pomam
573 3703 666 3749 dissidii
675 3703 736 3749 inter

233 3776 308 3821 virum
319 3780 342 3822 et
353 3791 457 3830 uxorem,
465 3776 506 3835 qui
515 3783 595 3822 natura
605 3776 690 3822 morosi
701 3781 737 3822 at·

205 3844 214 3862 ’
235 3863 280 3908 que
300 3848 405 3895 difficiles
427 3857 487 3895 sunt.
528 3848 564 3895 Tu
583 3849 656 3912 hemo]
676 3849 736 3896 Curn

234 3916 351 3967 contemtu
362 3928 386 3967 et
400 3921 518 3968 stomacho
529 3922 734 3981 pronunciandum.

236 3994 269 4039 Et
278 3993 344 4048 dicit,
355 4002 381 4039 tu
393 3994 461 4051 horno,
473 4002 497 4042 et
507 4003 588 4056 postea
601 3994 677 4042 subito
687 4010 737 4041 mn·

234 4064 317 4111 licrnm
326 4074 408 4112 natura
417 4068 479 4113 redit
490 4068 519 4112 ad
527 4066 651 4122 lenitatem,
660 4067 738 4114 disce·

236 4138 305 4184 dente
316 4137 480 4199 indignatione.
501 4138 529 4186 C.
639 4192 641 4195 ¹

269 4210 372 4274 Projicto
382 4211 436 4272 nisi]
453 4214 552 4259 Coercet
568 4213 605 4259 iric
618 4229 678 4259 uxor
688 4228 737 4259 ma·

236 4283 313 4337 ritum,
328 4286 389 4343 quod
404 4286 605 4333 exheredationem
621 4286 663 4332 iiiii
679 4287 738 4334 velit

236 4369 322 4400 errore.
362 4358 399 4402 Ex
419 4356 461 4403 iilo
480 4358 578 4405 consitio
598 4374 669 4407 sexus
688 4360 738 4420 jam

784 2832 817 2879 sic
838 2830 939 2891 corrige,
958 2842 1062 2875 raacrrr
1083 2840 1199 2873 munira.
1230 2823 1290 2871 -Jra

784 2907 871 2952 nornine
880 2902 994 2967 femineus
1004 2901 1121 2958 rrmrjcm
1131 2900 1238 2945 commum
1248 2913 1288 2944 no-

784 2985 856 3033 tumr,
862 2984 883 3022 et
894 2975 957 3036 quasi
964 2986 1051 3019 mmmm
1060 2972 1184 3018 conuicium
1192 2968 1287 3033 estZ.);

785 3056 810 3096 nt
829 3049 897 3096 alibi:
913 3055 955 3103 tu,
968 3045 1171 3108 inquom-mulier,
1187 3057 1289 3106 qrroevme

785 3112 875 3169 omnino
891 3120 994 3182 lapidem,
1015 3134 1061 3164 non
1080 3115 1187 3164 neminen
1210 3122 1291 3177 patae

678 3208 689 3219 ’
786 3190 1288 3250 ΑΙίιιᾱῑιιηεηεεῑπιιιῑὶετωηᾶίοοῐόροῐιιαὲ

786 3273 868 3322 turam,
874 3266 939 3313 aliud
946 3280 987 3326 per
996 3263 1078 3311 vitium
1086 3263 1247 3325 (conanum).
1257 3264 1287 3311 E.

817 3344 834 3388 3
851 3339 953 3400 Ineptum
963 3336 1092 3399 quicquum]
1107 3337 1167 3381 Bene
1178 3337 1286 3396 ineptam.

736 3426 739 3433 “
785 3414 846 3460 Nara
863 3415 963 3473 ineptum
980 3418 1025 3466 est,
1038 3411 1099 3470 qnod
1117 3426 1132 3455 a
1150 3409 1234 3469 quovis
1250 3426 1290 3457 re·

785 3487 941 3548 prehenditur.
970 3483 1084 3533 Venirein
1092 3481 1289 3546 mentemiVenin

785 3561 811 3606 in
833 3567 926 3606 mentem
945 3563 1035 3605 veteres
1055 3570 1099 3603 non
1119 3555 1292 3602 recordationis·

786 3648 856 3679 cansa
866 3639 962 3686 tanturn,
976 3629 1099 3676 sedetiam
1113 3627 1288 3688 recogitationis

786 3703 958 3768 (cogitationis)
984 3700 1222 3760 considerationisque
1243 3715 1289 3762 po·

787 3782 890 3823 suerunt.
917 3774 947 3822 C.
1219 3804 1221 3807 v
1259 3784 1261 3787 ·
1285 3784 1290 3793 ‘

819 3846 1039 3902 Bentleinsedidit,
1058 3847 1174 3908 quicquam
1194 3845 1235 3892 ati
1249 3859 1288 3892 ac-

785 3923 979 3968 nireinmentem.
995 3922 1022 3966 Z.
1285 3930 1290 3938 “

819 3998 836 4040 4
853 3991 945 4056 Pergin'
962 3991 1054 4053 mulier}
1071 3991 1109 4037 Sic
1121 3990 1199 4037 soient
1208 3988 1287 4038 mariti

786 4066 898 4114 uxoribus
909 4066 996 4121 dicere,
1007 4063 1115 4110 camillae
1126 4063 1286 4116 adversantur.

786 4142 818 4186 Et
834 4144 870 4184 est
886 4138 979 4198 energia
997 4136 1079 4183 sinilia.
1112 4136 1200 4184 Sensus
1215 4135 1288 4196 igitur

786 4220 838 4259 est:
855 4211 945 4271 pergin’
962 4210 1066 4257 mulieris
1081 4216 1159 4270 partes
1176 4223 1290 4255 exarcato

787 4293 811 4331 et
820 4283 933 4338 officium,
943 4300 994 4344 qnae
1008 4298 1099 4344 semper
1114 4281 1165 4331 vult
1180 4281 1244 4344 loqui
1261 4285 1288 4328 et

787 4358 868 4407 marito
880 4373 1017 4420 repugnare.
1045 4358 1073 4404 G.
1147 4396 1151 4406 .
1287 4364 1291 4371 '
