2917 4950
530 442 866 522 DE'THEATRO‘
928 536 930 538 V
1109 450 1190 532 lxxiii

185 652 322 698 versuum
332 653 489 700 mensuras
486 637 658 702 desiderare
668 642 775 722 possit
797 662 869 721 quas
879 663 1011 705 merirum
1022 665 1061 705 ex
1073 647 1187 709 Teren·¹

183 735 272 806 dano,
295 733 424 794 omnium
447 734 618 797 Latinorum
638 739 890 821 grammaticorum
910 740 1079 815 cultissimo,
1102 755 1133 803 et
1153 746 1183 804 in

183 831 241 890 bac
264 849 296 889 re
316 830 471 910 plurimum
483 834 656 906 exercitato
663 836 831 895 desumere
851 834 962 896 licebit
1004 838 1093 898 Hic
1084 851 1183 920 itaque
1256 888 1258 892 Α

184 918 261 986 libet
269 926 492 989 adolescentulis
504 931 647 991 bonarum
664 916 812 992 literarum
824 934 968 993 studiosis
975 935 1103 995 breviter
1115 958 1183 1017 pro·

183 1041 313 1102 poneret
330 1023 463 1104 primurn,
483 1027 645 1088 undenata
657 1012 863 1101 sitconroedia,
878 1050 997 1111 quoque
1010 1043 1099 1112 pacto
1113 1047 1183 1123 ante

186 1120 391 1180 comediarum
406 1141 491 1181 usum
504 1123 615 1213 antiqui
625 1133 721 1211 poetae
734 1124 874 1186 luserint.
896 1128 1002 1187 demde
1013 1149 1093 1201 vero
1114 1147 1187 1211 quoe

185 1204 273 1276 modo
293 1218 449 1279 comoediae
465 1219 513 1299 agi
534 1239 569 1280 ac
590 1220 773 1300 pronunciari
797 1222 891 1282 solitae
914 1210 1033 1298 fuerint,
1055 1238 1088 1286 ut
1112 1229 1183 1306 qnid
1290 1224 1293 1229 ’

72 1346 74 1355 1
185 1314 240 1372 ludi
262 1313 329 1387 siut,
357 1315 428 1394 quid
452 1317 569 1388 theatra,
596 1337 688 1388 accan,
716 1326 804 1390 nctus,
828 1340 958 1396 parona,
980 1331 1011 1380 et
1032 1322 1063 1381 id
1089 1343 1182 1402 genua

186 1418 302 1482 namra,
322 1410 408 1471 facile
430 1412 641 1491 intelligantur.
681 1413 771 1479 Quod
790 1433 864 1494 opus
892 1416 962 1475 dum
986 1418 1180 1497 aggredimur,

185 1505 301 1566 facilem
314 1518 401 1587 atque
415 1516 557 1568 attentum
568 1510 710 1569 lectorem
720 1529 785 1570 esse
798 1511 942 1590 cupimus,
963 1524 996 1571 ιιι
1006 1505 1124 1575 tandem
1137 1515 1182 1575 in·

85 1684 89 1693 ἱ
185 1602 305 1681 telligat,
333 1604 403 1682 quid
424 1604 461 1665 sit
482 1603 591 1679 fabula,
615 1605 766 1684 tragedia,
791 1609 936 1669 comoedia
957 1620 1051 1685 vetus,
1072 1621 1180 1692 satyra,

185 1701 462 1762 etnovacomoedia.

481 1847 545 1906 Quid
556 1847 640 1904 fabula,
655 1848 777 1911 tragoedia,
795 1857 879 1912 satyra,

550 1926 668 1977 Camoedia
676 1932 744 1976 vetus
757 1937 781 1977 et
788 1946 862 1978 nors.-

223 2070 326 2134 Falsis
338 2074 476 2154 generem
488 2092 596 2136 nomen
612 2086 669 2146 est,
691 2073 893 2153 Tragoediam·
908 2072 1053 2157 Satyrum,
1073 2089 1103 2139 et
1117 2077 1177 2140 Co·

184 2171 317 2232 moediam
330 2172 359 2231 in
372 2178 405 2232 se
415 2172 619 2252 complectens.
660 2171 772 2250 Estque
790 2170 892 2232 fabula
903 2175 1031 2234 narratio
1044 2175 1178 2254 quaedam

184 2268 318 2341 conficta,
332 2279 363 2328 et
375 2268 543 2330 demissiore
556 2269 726 2347 plerumque
736 2268 803 2328 stilo
817 2289 854 2329 ac
866 2271 998 2331 ‘versibus
1009 2273 1179 2353 conscripta

185 2364 639 2425 ad'oblectationemauditomm.
681 2364 769 2425 Unde
779 2365 868 2425 etiarn
875 2368 1179 2442 pasmotninterfabu·

183 2459 226 2521 las
246 2481 264 2521 a
280 2461 424 2540 nonnullis
436 2471 680 2542 connumerantur
690 2466 703 2523 ι’
719 2464 899 2542 quapropter
915 2464 1089 2543 quibusdam
1102 2466 1180 2527 visus

184 2566 228 2617 est
241 2557 389 2618 Homerus
399 2557 521 2618 Iliadem
529 2556 616 2633 instat
626 2560 787 2639 tragoediae,
802 2560 968 2641 Odyssean
978 2562 1181 2641 adimaginern
1307 2614 1311 2621 .

183 2653 561 2734 comoeffioeconsoripsasa
763 2683 765 2694 ,

185 2780 187 2783 ⁴
224 2751 368 2829 Trrgcda'n
388 2760 488 2810 autem
508 2749 608 2811 fabula
628 2762 684 2829 est,
705 2772 765 2831 qua
782 2750 893 2831 antiqui
913 2752 1179 2833 reprehendebant,

183 2847 261 2926 quod
270 2848 303 2906 in
316 2847 486 2907 rebus'non
508 2845 733 2925 solum-privatis
754 2868 790 2918 ac
811 2848 953 2922 civilibus,
974 2851 1028 2911 sed
1048 2852 1178 2911 maxime

115 2977 119 2992 ,
181 2944 277 3005 arduis
298 2956 329 3005 et
345 2945 384 3005 sd
397 2943 545 3025 principes
562 2943 749 3005 attinentibus
769 2944 863 3005 minus
881 2957 997 3006 rectum
1009 2948 1175 3009 ridebatur.

181 3042 216 3101 ln
225 3049 261 3103 ea'
273 3042 381 3102 scenici
395 3060 526 3112 amurca,v
537 3052 568 3101 et
580 3041 638 3101 olei
652 3041 772 3101 faecibus
786 3043 870 3120 (quas
884 3042 984 3102 Graeci
1003 3049 1109 3123 τριγας
1124 3066 1175 3105 vo·

182 3140 259 3218 cant)
271 3139 455 3219 perlinebant
468 3157 529 3211 ora,
548 3150 619 3198 ante
633 3142 716 3197 usum
728 3143 936 3216 personarum:
957 3138 1038 3199 unde
1055 3139 1175 3220 Tragoel

182 3236 234 3295 diue
247 3256 362 3296 nornen.
404 3236 477 3312 Ejus
493 3254 586 3314 grave
596 3241 799 3313 argumentum
808 3235 879 3308 fuit,
896 3234 1025 3315 petitum
1038 3239 1118 3316 soepe
1136 3240 1175 3298 ab

181 3333 315 3395 historica
333 3333 410 3394 lide.
432 3332 522 3403 dictio
541 3351 653 3404 severa,
673 3331 818 3407 sublimis,
841 3339 922 3414 saepe
944 3334 1073 3395 tumida:
1095 3346 1175 3395 tran·

185 3430 384 3514 quillaprima,
405 3429 500 3489 exitus
513 3428 628 3489 funesti

220 3528 291 3588 Post
301 3525 493 3605 tragoediam
486 3537 604 3587 inventa
617 3527 759 3597 Cumania,
781 3546 847 3606 quoe
862 3527 953 3587 Vetus
965 3483 1045 3589 dicta
1060 3539 1122 3589 est:
1131 3527 1174 3588 in

183 3626 312 3706 quaint
302 3647 342 3684 ιιι
350 3624 494 3704 tragoedia
507 3623 637 3703 quoque)
647 3623 782 3703 simplex
787 3629 906 3684 carmen
916 3606 991 3685 fuit.
1015 3625 1096 3705 quod
1109 3629 1174 3684 car

180 3740 247 3783 men
261 3721 413 3781 chorus*
388 3741 473 3782 circa·
485 3733 549 3781 a'ras
563 3721 725 3796 fumantes
724 3741 802 3799 nnnc
815 3722 964 3801 spatiatus,
985 3742 1065 3782 nunc
1082 3724 1176 3783 revel*

179 3838 248 3878 vens
261 3838 360 3899 gyros,
380 3839 445 3878 cum
459 3816 579 3880 tibicine
592 3816 783 3878 concinebat:
798 3819 917 3897 eratque
930 3818 1025 3898 primo
1037 3834 1097 3880 una
1108 3838 1176 3899 per·

181 3934 252 3976 sona
273 3915 440 3977 cantoribus
462 3915 636 3987 substitutas
651 3934 718 3992 quie
738 3914 917 3993 respondens
936 3915 1055 3975 alternis
1066 3916 1173 3988 choro,

179 4010 377 4091 locupletabat
400 4012 608 4091 variabatque
612 4032 674 4072 rem
695 4009 843 4069 musicam.
886 4010 1002 4071 Chorus
1023 4016 1123 4072 autem
1142 4008 1174 4071 in

178 4109 329 4187 uagoedia,
342 4119 394 4168 aut
408 4108 540 4168 Consulite
555 4108 660 4179 Vetere,
675 4106 828 4167 dicebatur
841 4107 997 4169 multitudo
1010 4111 1174 4168 cooevo'mm

175 4206 323 4283 juvenum,
339 4214 390 4264 ant
402 4204 546 4265 minorum
559 4203 595 4262 in
602 4204 700 4277 sacris,
704 4205 766 4265 'vel
778 4213 877 4279 scena,
891 4205 1070 4266 cenantium
1082 4218 1173 4287 atque

179 4301 383 4364 saltantium?
697 4319 700 4328 ’
857 4322 860 4328 “
896 4321 898 4325 ’

222 4397 302 4460 Fuit
306 4398 390 4458 Vetus
401 4398 533 4463 comedin
541 4398 873 4464 (ιιειοιιΑνιΙιιιαιιιιιι
869 4401 1039 4481 ‚quiaesset
1048 4398 1175 4461 danobis

180 4512 254 4557 von.
271 4515 295 4556 1.
689 4516 711 4556 x
