2917 4950
365 755 820 840 ARGUMENTUM
853 754 1160 842 EJUSDEM.

632 984 1008 1050 ‘313'

309 1221 518 1304 CHREMES
539 1220 668 1299 gravidae
686 1220 771 1280 uxori
785 1219 854 1279 olim
872 1217 1080 1290 interminatus,
1101 1218 1266 1297 sipuellam

267 1328 393 1398 pareret,
406 1317 486 1377 nolle
500 1316 573 1376 tolli.
614 1316 654 1376 At
672 1316 722 1377 illa
737 1317 812 1376 clam
826 1315 894 1376 anui
908 1313 1267 1375 Corinthiae³nutrieudam

267 1416 358 1475 dedit.
400 1415 490 1474 Hanc
499 1414 628 1475 adultam
643 1415 750 1487 Clinia,
758 1412 850 1473 invito
863 1422 957 1492 patre,
969 1431 1067 1472 amare
1081 1411 1187 1491 coepit;
1214 1431 1265 1471 cu-

262 1518 311 1587 jus
326 1511 432 1572 duritia
448 1522 479 1571 et
492 1511 613 1572 assiduis
623 1511 728 1592 jurgiis
746 1511 777 1569 in
797 1509 927 1569 militiam
940 1508 1087 1589 proficisci
1102 1507 1267 1587 compulsus

266 1620 321 1670 est.
364 1610 472 1669 Postea
484 1609 554 1669 facti
564 1619 674 1689 patrem
688 1608 901 1668 Menedemum
911 1607 987 1666 adeo
1001 1606 1146 1686 poenituit,
1159 1618 1193 1665 ut
1205 1625 1265 1664 om-

264 1706 314 1766 nia
330 1707 481 1778 venderet,
503 1717 535 1766 et
558 1725 662 1786 agrum
678 1715 801 1777 emeret,
818 1705 958 1783 incoque
981 1723 1014 1763 se
1035 1715 1216 1763 exerceretr
1232 1713 1265 1761 ut

266 1804 309 1863 sic
322 1802 392 1861 filii
384 1803 517 1881 injuriam
526 1803 727 1863 ulcisceretur.
769 1803 863 1862 Paulo
876 1812 943 1881 post
956 1801 1111 1891 revertitur
1120 1800 1224 1871 Clinia,
1236 1809 1267 1859 et

267 1894 343 1959 clem
355 1910 442 1980 patre
461 1891 620 1959 devertitur
641 1900 720 1979 apud
744 1885 951 1980 Clitiphonem,
965 1884 1015 1978 qui
1029 1882 1059 1958 et
1073 1898 1136 1978 ipse
1152 1898 1267 1957 amabat

267 2007 398 2056 scortum
422 1996 611 2055 Bacchidem.
653 1996 748 2056 Mittit
761 1998 929 2058 arcessitum
942 1996 1070 2085 cupitam
1086 1978 1267 2074 Antiphilam

268 2092 383 2153 Clinia:
406 2110 473 2154 cum
492 2113 551 2173 qua
572 2104 603 2153 et
621 2094 749 2155 Bacchis
763 2114 820 2154 una
832 2095 927 2154 teuit.
961 2076 1050 2152 Hanc
1064 2086 1266 2152 adolescentes

262 2186 374 2249 Cliniae
396 2190 499 2251 amicoe
513 2186 650 2251 simulant
664 2191 728 2271 Syri
743 2193 868 2253 technis.
910 2191 1060 2301 Antiphila
1083 2191 1138 2249 ad
1134 2196 1265 2248 matrem

266 2288 440 2348 deducitur.
456 2291 546 2369 cujus
567 2289 722 2349 occasione
744 2291 833 2371 Syrus
848 2276 955 2348 decem
967 2288 1059 2347 minas
1073 2285 1266 2375 meretriculae

266 2386 393 2445 adferta
408 2385 576 2447 Chremete.
607 2386 726 2447 Dehinc
741 2387 895 2478 Antiphila
906 2372 1082 2465 Clitiphonis
1091 2392 1173 2445 soror
1184 2391 1267 2463 r'epe·

265 2484 345 2557 titur,
359 2493 390 2545 et
399 2485 546 2546 Clmraem
552 2505 676 2546 uxorem
687 2486 783 2548 datur.
825 2487 967 2547 Chremes
978 2484 1162 2543 Bacchidem
1175 2502 1201 2541 a
1198 2481 1266 2542 Cli-

265 2582 386 2660 tiphone
408 2583 498 2643 amari
525 2583 746 2644 animadvertit:
776 2583 925 2642 irascitur.
954 2582 1122 2641 minitatur:
1142 2581 1226 2646 -‚-sed
1224 2584 1267 2638 et

265 2678 451 2740 Menedemo
464 2681 648 2753 adhortante,
659 2682 744 2742 filio
736 2681 883 2761 1gnoscit.
903 2692 936 2740 et
950 2681 1037 2739 aliam
1047 2679 1088 2738 illi
1104 2680 1155 2738 dat
1167 2682 1265 2753 conju-

267 2797 347 2858 gem.
388 2782 423 2839 ln
441 2783 529 2857 ptimo
547 2787 617 2841 act'u
631 2777 725 2859 agitur
740 2781 778 2839 de
792 2767 998 2854 conjunctione
1020 2793 1133 2849 senum,
1154 2776 1266 2835 scilicet

266 2878 440 2938 Menedemi
451 2889 482 2939 et
497 2878 683 2947 Chremetis3
703 2875 830 2936 simulet
842 2876 879 2932 de
890 2873 1019 2932 amicitia
1028 2883 1059 2931 et
1071 2873 1266 2959 familiaritate

266 2975 515 3046 adolescentium;
533 2993 563 3032 ιιι
573 2994 632 3054 qua
643 2974 773 3053 Clitipho
783 2971 1002 3031 ardentissimus
1016 2970 1193 3029 ostenditur.
1217 2950 1266 3028 Se-

266 3074 368 3130 cundae
390 3083 470 3131 actus
493 3072 637 3149 continet,
658 3055 907 3150 quemadmodum
926 3052 1138 3126 adolescentes
1159 3066 1265 3124 amicas

230 3158 244 3181 ⁰
267 3169 449 3247 receperint;
469 3170 555 3229 simul
569 3181 600 3229 et
615 3162 682 3250 Syri
696 3167 835 3229 callidum
854 3164 1015 3225 consilium.
1059 3164 1173 3223 Tertius
1185 3166 1265 3222 actus

268 3264 404 3343 exprimit
425 3266 489 3348 Syri
501 3266 677 3327 fallaciam·
668 3288 699 3325 ιιι
721 3267 888 3332 Chremem,
910 3271 944 3320 ut
964 3259 1145 3321 Bacchidem
1167 3259 1266 3321 credat

269 3359 374 3421 Cliniae
389 3382 452 3421 esse
466 3363 599 3436 amicam,
614 3374 643 3424 et
657 3363 836 3444 Antiphilam
850 3359 1004 3420 arrhaboni
1019 3358 1165 3444 Bacchidi
1184 3355 1266 3444 r'elicf

266 3469 327 3519 tam
342 3479 407 3538 esse
415 3471 499 3538 putet
517 3481 574 3540 pro
592 3473 724 3540 argento,
737 3461 817 3540 quod
830 3479 919 3520 anum
931 3456 1113 3518 Corinthiam
1124 3453 1266 3516 meretrici

206 3629 211 3639 ¹
268 3556 484 3618 deberefinxit.
525 3560 562 3616 In
583 3569 682 3636 quarto
705 3569 775 3618 actu
793 3558 889 3637 agitur
913 3556 951 3615 de
964 3554 1168 3634 recognitione
1184 3552 1266 3611 Anti·

266 3655 364 3735 philae,
377 3666 408 3715 et
421 3655 458 3715 de
478 3641 646 3715 extorsione
663 3655 786 3734 argenti,
806 3655 886 3733 quod
903 3651 1041 3712 Bacchidi
1062 3651 1192 3730 Clitipho
1205 3668 1267 3729 pro·
1285 3643 1287 3648 ’

199 3773 204 3782 ·
267 3751 395 3812 miserat.
430 3751 550 3819 Quintus
563 3763 648 3812 actus
659 3752 791 3812 continet
802 3752 929 3810 omnium
939 3770 1037 3810 rerum
1049 3748 1266 3809 conversionem

267 3850 307 3908 ad
315 3849 462 3924 jucundos
483 3850 589 3923 exitus,
613 3848 765 3929 patefacta
782 3847 897 3910 cunctis
915 3847 1083 3926 cognitione
1097 3856 1266 3925 gestorum:

269 3955 301 4005 et
319 3947 565 4025 quemadmodum
588 3945 772 4025 Antiphilam
793 3964 915 4006 uxorem
937 3942 1033 4002 Clinia
1046 3942 1185 4002 duxerit:
1209 3939 1266 4001 Cli-

268 4040 349 4120 tipho
361 4062 441 4113 vam,
454 4044 572 4106 dimissa
586 4042 746 4115 Bacchide,
757 4040 843 4103 aliam
854 4039 1010 4119 acceperit.
