2917 4950
269 389 337 463 352
665 389 920 468 nunnoni

271 581 316 649 Et
328 583 491 668 quicquid
502 577 609 669 hujns'
619 586 698 665 feci,
720 607 827 653 cause
840 588 994 672 virginie'

272 694 372 761 Feci:
395 716 474 761 nam
487 717 541 761 mo
556 698 631 781 ejus
645 717 745 781 spero
760 698 894 764 fratrem
910 699 1154 784 propemodum

270 805 293 870 J
295 826 349 869 am
364 806 564 891 repperisse,
589 807 840 873 adolescentem
855 811 941 874 adeo
956 810 1104 874 nobilem
1116 798 1131 875 :⁴

272 918 315 979 Et
327 917 359 980 is
373 916 474 981 hodie
488 922 666 982 venturum
682 916 794 983 adme
811 921 985 985 constitnit
998 920 1146 985 domum.
1255 910 1313 982 1'2'5

272 1027 466 1110 Concedam
479 1028 558 1093 hinc
573 1030 671 1108 intro,
699 1036 800 1116 etque
815 1022 1038 1115 exspectabo,
1063 1030 1143 1095 dnm
1158 1029 1262 1095 venit.

727 1251 856 1266 Μ

509 1487 512 1492 ,
552 1401 675 1477 ΑΟΤ.
703 1401 758 1476 ΙΙ.
785 1400 968 1476 SCENA
996 1401 1028 1478 Ι.

517 1577 524 1587 ’
612 1569 779 1621 PHAEDRm.
802 1572 973 1620 renuent).

315 1679 417 1761 FAC,
442 1682 491 1747 ita
515 1689 553 1747 ut
577 1673 679 1767 Jus'si,
702 1686 912 1752 deducantur
932 1687 1002 1752 isti.
1057 1685 1125 1749 ΡΑ.
1158 1682 1312 1748 Faciem.

398 1795 467 1858 PH.
500 1793 548 1858 At
563 1794 748 1877 diligenter.

270 1956 323 2014 lice,
334 1971 469 2020 promptam,
479 1971 547 2017 qnam
558 1956 578 2004 ei
588 1956 696 2015 dixisset,
706 1958 762 2007 mili·
801 1952 804 1961 ’
848 1958 885 2004 Ad
902 1972 935 2003 me
948 1955 1047 2019 donum]
1063 1954 1102 2002 Sic
1116 1952 1193 2000 Latini
1204 1966 1269 2012 erepe
1279 1949 1315 1997 di·

271 2027 458 2090 tem'qoemquom
478 2030 590 2074 cariorem.
630 2029 766 2093 Quemquam
815 2037 871 2076 cunt
881 2030 1016 2091 prodomum
1025 2025 1172 2082 menmium
1180 2026 1228 2073 ΙΙΙ.
1239 2025 1264 2072 5.
1273 2026 1314 2072 28.

269 2096 385 2159 cariorem]
402 2098 475 2158 Quasi
487 2099 607 2156 meretrix,
623 2116 670 2147 non
687 2118 766 2150 curum
814 2102 844 2148 od
852 2116 873 2147 ee
883 2100 1078 2148 abducitdomum.
1087 2098 1111 2145 in
1120 2098 1181 2144 Heu.
1192 2098 1222 2143 V.
1235 2098 1260 2143 3.
1273 2100 1315 2144 24.

269 2169 375 2226 alterum.
386 2171 426 2217 sed
438 2171 548 2217 cariorem
559 2165 634 2234 neget.
652 2176 684 2221 D.
814 2170 1120 2236 odmeconfugeredomum.
1137 2171 1169 2216 R.
1182 2171 1213 2216 D.

302 2247 350 2291 122
367 2242 399 2289 Et
412 2245 515 2305 perimunt
534 2245 601 2306 tepor
607 2244 669 2308 feci]
687 2241 765 2308 Hujus
847 2244 978 2307 Constituit]
986 2241 1207 2291 Constituereelioui
1213 2243 1252 2289 vel
1260 2257 1315 2289 cum

269 2316 389 2364 absolute:
405 2325 444 2361 eur
455 2332 496 2375 per
503 2314 605 2374 ἔλλειψιν,
616 2324 642 2365 ut
652 2318 714 2366 desit
722 2321 764 2368 rei.
813 2317 890 2378 aliquo
901 2323 937 2364 est
947 2316 1069 2364 convenire
1079 2332 1133 2363 oum
1147 2315 1225 2376 eliquo
1236 2315 1315 2384 delo·

269 2390 298 2435 ln
309 2385 411 2449 Hecyra,
427 2402 455 2433 ue
469 2390 522 2450 quid
536 2391 565 2434 rit
579 2388 646 2450 luy‘m
656 2405 701 2436 oro.
734 2391 764 2437 In
813 2405 850 2447 co,
860 2397 972 2451 tempore,
983 2396 1006 2437 et
1015 2389 1117 2451 negotio,
1127 2388 1178 2446 ubi,
1186 2388 1283 2449 quaudo
1293 2394 1315 2436 et

224 2494 226 2503 .
268 2460 766 2527 Heautontimorumeno.nihilowidiusfoc·
814 2478 883 2523 quare
894 2468 995 2510 coeatur.
1012 2461 1036 2508 in
1049 2463 1109 2510 Hec.
1125 2462 1145 2509 Ι.
1155 2462 1250 2509 ΜΟ.
1262 2475 1315 2509 nom

268 2534 345 2582 torrem
356 2537 424 2596 patri.
450 2534 534 2595 Virgil.
552 2535 607 2582 AEn.
625 2537 672 2583 lX.
692 2541 766 2587 94.-
813 2535 926 2592 constitui,
942 2550 993 2581 cum
1009 2535 1103 2596 qrmdnm
1120 2533 1201 2594 hospite
1217 2549 1254 2580 me
1273 2548 1314 2580 cue

267 2617 309 2655 out
324 2609 378 2670 quid
392 2610 449 2668 peris
463 2607 525 2654 trist
558 2607 670 2670 Quicquid
686 2608 765 2672 hojum]
813 2605 876 2653 illem
892 2614 1059 2662 conventuram,
1075 2605 1312 2653 attenuentur.

267 2679 311 2727 Rei
327 2681 509 2727 subandiendum
521 2687 565 2737 eet,
583 2681 645 2741 quod
661 2695 712 2728 eum
723 2698 764 2730 ex-

267 2751 328 2798 clusi
338 2752 408 2798 forus.
426 2753 457 2798 D.

289 2832 291 2837 ’
300 2823 333 2871 Et
341 2824 445 2887 quicquid
461 2823 528 2886 liujus
536 2823 597 2888 secr]
614 2825 709 2873 Scilicet
723 2829 765 2876 rei.

267 2895 409 2942 Pronominn
425 2896 546 2957 quidquid,
565 2896 681 2957 quidnam,
700 2898 765 2958 quid,

267 2965 300 3023 id,
317 2966 387 3025 idem,
404 2968 502 3029 aliquid,
521 2983 584 3031 saepe
598 2984 651 3016 cum
661 2970 764 3031 genitivo

268 3040 358 3098 generis
369 3047 537 3088 construuntur.
547 3057 572 3088 v.
583 3041 720 3104 interpretes
734 3044 765 3090 ed

266 3109 322 3158 hir.
332 3112 448 3161 XXXlI.
457 3117 497 3162 37.
515 3113 546 3160 R.
560 3115 592 3160 D.

299 3186 348 3232 123
364 3183 430 3244 Spero
435 3185 601 3248 propeorodrem]
617 3187 685 3234 Nove
694 3203 764 3249 spero,

265 3271 311 3318 pro
324 3257 396 3303 credo
414 3259 453 3305 vel
470 3259 569 3305 confido.
603 3257 762 3319 Propemodum

265 3328 329 3385 ideo,
337 3327 394 3389 quie
404 3327 518 3376 hominem
528 3330 619 3391 quidem
630 3331 704 3388 novit,
721 3334 762 3379 red

162 3393 166 3411 '
264 3400 762 3479 struemeerevir‘ginisnoudumprobrrit.

297 3550 346 3596 124
362 3548 423 3595 Adeo
437 3548 542 3611 nobilem]
558 3549 626 3607 Adeo,
637 3566 680 3611 pro
695 3551 763 3598 nimie

263 3619 366 3681 positum
376 3624 420 3678 eit,
431 3616 525 3682 eut'pro
534 3623 654 3686 expletive
663 3624 763 3684 particu-

263 3692 295 3739 le.
314 3691 345 3739 D.

298 3765 356 3811 rideo
366 3765 470 3830 nobilem]
486 3768 551 3814 Serv.
568 3767 662 3815 AEneid.
678 3769 721 3815 lv.
733 3767 763 3814 ed

263 3835 329 3882 illum
341 3852 402 3883 vere.
414 3840 453 3884 96.
464 3852 505 3885 nec
514 3836 690 3903 me'odeojirllit.
710 3843 739 3887 1..

296 3907 367 3970 Adeo]
383 3909 484 3966 Quidum
494 3911 612 3971 explicent
621 3913 763 3969 viridescere,

263 3980 306 4028 ted
316 3981 398 4040 potine
405 3982 520 4028 abundare
528 3984 636 4035 videtur..
641 4001 664 4033 r.
675 3986 761 4032 Donat.

263 4052 292 4099 ed
312 4053 334 4098 lr.
350 4053 366 4100 Ι.
383 4058 407 4100 et
422 4046 512 4102 Duker.
524 4056 554 4102 cd
566 4056 628 4103 Flor.
646 4057 668 4104 1.
685 4059 724 4104 18.
735 4071 760 4118 p.

262 4128 318 4173 198.
336 4125 368 4173 R.
381 4127 413 4172 D.

296 4199 344 4244 125
360 4198 418 4245 'l'ree
427 4199 496 4248 codd.
511 4215 564 4247 oum
576 4200 630 4247 edd.
646 4206 704 4248 vett.
721 4200 761 4248 lu-

261 4272 317 4316 beut
330 4278 351 4316 et
362 4271 382 4317 ir
393 4286 421 4333 en
440 4271 512 4329 hodie,
527 4271 576 4320 διο.
586 4280 612 4320 ut
622 4273 684 4323 Hee.
699 4273 721 4319 Ι.
737 4275 760 4323 2.

264 4345 319 4388 120.
338 4344 367 4390 B.
634 4358 636 4361 '

814 2694 851 2739 op.
863 2681 925 2726 Non.
940 2679 1046 2727 Marcell.
1060 2693 1085 2739 p.
1103 2670 1159 2728 1216.
1175 2680 1194 2725 e·
1209 2693 1251 2725 mu
1262 2693 1312 2725 eom

813 2760 882 2799 scorto
890 2753 1005 2800 constituit
1014 2754 1055 2799 ire.
1060 2751 1143 2799 luten.
1154 2753 1202 2798 Set.
1211 2752 1262 2797 Ill.
1272 2753 1311 2797 12.

814 2823 851 2872 tic
857 2825 1014 2873 abiuncturno
1025 2823 1102 2871 Numo
1109 2824 1313 2871 coustituebotami·

813 2913 850 2944 ee.
884 2897 963 2960 Hujus
978 2897 1043 2946 verbi
1058 2897 1106 2944 vim
1122 2897 1220 2957 pnlolrre
1236 2895 1312 2959 expli·

813 2969 862 3017 cuit
872 2971 972 3019 Gronov.
985 2972 1100 3016 observet.
1110 2970 1159 3016 XI.
1172 2973 1195 3015 1.
1212 2969 1244 3016 it.
1256 2970 1286 3015 D.

846 3046 894 3091 196
910 3041 1170 3106 Atqneerspectolrodem
1177 3040 1249 3103 veuit]
1266 3041 1310 3087 nu-

812 3120 889 3162 turum
907 3121 982 3161 uctnm
1001 3114 1136 3176 promittere
1154 3112 1247 3159 voluit:
1262 3127 1309 3159 non

811 3184 1311 3249 quonliquiegeetnseitexepeclantissscrip·

812 3265 863 3304 ture
873 3266 989 3319 corrupta,
1006 3257 1045 3306 cui
1056 3256 1144 3304 olibrio
1161 3256 1230 3304 nullis
1246 3257 1308 3319 quio-

811 3347 880 3391 qnum
888 3331 991 3378 medeloe.
1008 3331 1143 3391 [regendum
1150 3329 1248 3391 opinor:
1259 3345 1311 3377 ceu·

811 3411 888 3450 turum
898 3411 1000 3451 actutum
1008 3404 1135 3463 promittere
1144 3402 1228 3449 recidit.-
1241 3417 1310 3464 oeqrre

811 3476 891 3538 uliquis
898 3482 974 3538 gestui
981 3483 1011 3521 eet
1021 3472 1186 3536 exspectantis).
1203 3476 1235 3521 D.

844 3552 858 3594 1
876 3546 924 3594 Fue
938 3549 971 3594 ita
986 3555 1014 3594 ut
1020 3547 1092 3609 jussi]
1109 3549 1161 3594 Jam
1174 3547 1308 3594 emeterium

811 3618 981 3681 multiloquium
1000 3611 1025 3666 et
1038 3618 1197 3680 veriloquium
1206 3620 1308 3667 continet

810 3692 857 3740 iste
877 3692 954 3739 cotio:
970 3707 1022 3739 nam
1036 3700 1061 3739 et
1077 3692 1169 3754 repetit
1179 3694 1242 3754 quod
1259 3695 1307 3754 jem

812 3765 899 3811 dictum
911 3770 946 3811 eet
956 3779 962 3810 ε
979 3772 1003 3811 et
1013 3765 1037 3812 id
1047 3763 1103 3811 'iecit
1112 3766 1186 3826 megin
1195 3773 1220 3812 et
1228 3766 1307 3813 odiose

811 3837 880 3884 nimie
887 3836 951 3901 (lege
960 3852 967 3882 r
983 3844 1005 3884 et
1013 3837 1037 3883 id
1039 3835 1118 3902 facete
1125 3836 1203 3900 neugio,
1211 3845 1232 3883 et
1240 3837 1308 3886 miore

810 3908 908 3971 mium.)
934 3910 965 3956 D.

843 3979 891 4027 Fae
907 3982 942 4027 ite
957 3986 984 4027 ut
994 3977 1065 4041 joui]
1083 3981 1142 4027 Haee
1160 3988 1230 4026 mene
1245 3985 1307 4027 tenet

810 4052 885 4113 prima
900 4059 965 4115 parte
980 4052 1087 4099 mundate
1105 4052 1176 4108 nerei,
1198 4054 1308 4100 ducentur

811 4126 840 4171 ed
849 4125 993 4173 meretricem
1001 4125 1041 4172 illu
1049 4124 1119 4183 done)
1127 4141 1178 4186 qnae
1187 4133 1240 4172 ente
1249 4141 1309 4173 com·

811 4198 907 4259 perurit.
924 4199 953 4246 E.
1138 4208 1139 4211 ’

844 4269 931 4319 Facito
939 4270 1040 4336 ctjuui]
1059 4272 1166 4320 Diomed.
1175 4271 1216 4318 lib.
1228 4272 1308 4333 torp.

812 4347 835 4390 4.
852 4344 879 4391 lr.
1136 4342 1143 4353 ”
