2917 4950
79 812 83 816 ’
248 847 371 917 ω
392 847 583 917 nouum
598 848 644 916 v.
660 848 699 915 c.
715 846 964 915 oanuoms
988 829 1134 915 uanis

314 1037 422 1088 ttonAE
436 1037 610 1100 ewrino
625 1038 665 1085 IN
680 1036 874 1090 bundenum
889 1037 1057 1086 TEREN'I'H.

638 1264 736 1298 ..-

230 1477 328 1543 HAEc
342 1481 495 1543 masculini
509 1482 624 1562 generis
637 1481 754 1542 nomine
772 1493 940 1562 nuncupata
952 1480 1051 1541 fabula
1064 1491 1109 1541 est
1120 1479 1185 1542 Eu.

191 1596 343 1640 nucrrus:
364 1588 395 1638 et
409 1590 453 1640 est
474 1579 598 1641 Palliata
620 1578 779 1639 Menandri
791 1590 894 1639 vetus:
915 1599 1001 1657 quam
1020 1578 1070 1637 ille
1084 1589 1184 1637 auctor

190 1675 228 1735 de
241 1676 319 1735 facto
333 1676 536 1755 adolescentis,
551 1677 602 1757 qui
623 1696 655 1737 se
676 1696 730 1755 pro
745 1676 890 1735 Eunucho
910 1676 1018 1735 deduci
1038 1675 1077 1734 ad
1089 1694 1184 1734 mere-

188 1772 291 1833 tricem
304 1794 407 1854 passus
421 1786 475 1846 est,
488 1774 656 1834 nominavit.
697 1773 802 1853 Itaque
817 1792 853 1831 ex
871 1791 978 1851 magna
990 1783 1074 1852 parte
1088 1782 1183 1831 moto·

188 1869 232 1930 ria
245 1882 300 1931 est.
341 1873 442 1950 Atque
456 1870 486 1930 in
507 1873 563 1932 bac
587 1871 732 1932 comoedia
753 1870 804 1950 qui
826 1889 978 1949 personam
996 1858 1183 1928 Parmenonis

123 1977 125 1981 '
190 1978 270 2027 actor
283 1968 415 2041 sustinet,
430 1968 536 2047 primas
549 1970 640 2029 babet
652 1979 760 2047 partes.
801 1967 944 2027 Secundae
958 1976 1024 2025 sunt
1039 1965 1180 2025 Chaereae.

191 2062 298 2123 Tertia
322 2065 361 2124 ad
386 2065 549 2125 Phaedriam
573 2076 718 2145 spectant.
760 2065 857 2141 Hujus
881 2064 1021 2144 prologus
1043 2082 1113 2123 sane
1137 2073 1182 2122 est

189 2160 372 2223 concitatior.
412 2162 491 2223 Nam
511 2175 542 2223 et
555 2164 655 2225 obiicit
668 2163 789 2223 cumina
801 2161 1037 2221 adversantibus:
1059 2170 1089 2218 et
1101 2179 1181 2220 com·

187 2256 312 2318 minatur
324 2257 533 2339 inposterum:
555 2271 586 2319 et
599 2260 779 2323 accusatorie
792 2270 890 2319 narrat
899 2257 1030 2334 injuriam
1041 2256 1181 2316 Terentio

187 2352 316 2413 factam:
338 2366 368 2415 et
386 2355 424 2415 ad
437 2356 570 2415 ultimum
584 2358 775 2430 tumultuose,
799 2367 829 2416 et
851 2376 919 2415 cum
940 2373 1047 2433 magna
1072 2353 1181 2412 invidia

188 2450 321 2511 defendit
334 2463 450 2533 poetam.
491 2454 569 2514 Haec
583 2464 613 2515 et
627 2458 765 2535 πρότασιν
786 2464 816 2513 et
828 2454 968 2527 ἐπίτασιν,
983 2462 1014 2511 et
1026 2473 1179 2529 καταστρο-

187 2553 241 2629 φὴν
254 2550 295 2609 ita
308 2551 436 2630 oequales
448 2551 547 2623 babet,
561 2563 594 2610 ut
614 2572 758 2631 nusquam
781 2551 862 2611 dicas
883 2547 1065 2627 longitudine
1085 2548 1179 2626 operis

187 2644 355 2705 Terentium
369 2646 546 2706 delassatum
559 2648 741 2708 dormitasse.
781 2647 873 2707 Actus
888 2665 957 2706 sane
972 2642 1179 2723 implicatiores

185 2753 252 2801 sunt
264 2742 349 2814 inea,
365 2744 453 2823 etqui
473 2764 532 2803 non
545 2744 633 2804 facile
647 2763 777 2824 aparum
791 2744 887 2803 doctis
901 2740 1039 2820 distingui
1049 2741 1177 2820 possint:

183 2837 250 2898 ideo
263 2839 333 2918 quia
357 2841 478 2900 tenendi
490 2840 662 2919 spectatoris
683 2860 772 2899 causa
787 2840 850 2898 vult
863 2848 950 2918 poeta
963 2847 1063 2896 noster
1077 2856 1178 2897 omnes

185 2935 310 3016 quinque
330 2947 414 2996 actus
427 2936 508 2996 velut
530 2957 621 2996 unum
644 2937 717 3009 fieri,
735 2955 773 2995 ne
796 2935 920 3015 respiret
942 2933 1177 3014 quodammodo:

184 3043 270 3113 atque
291 3033 427 3115 distipcta
450 3034 558 3094 alicubi
579 3033 797 3107 continuatione
819 3030 1041 3092 succedentium
1068 3049 1177 3102 rerum,

183 3140 250 3190 aute
273 3130 367 3190 aulaea
392 3131 507 3190 sublata
531 3130 697 3190 fastidiosus
731 3138 882 3209 spectator
911 3136 1057 3206 exsurgat.
1098 3128 1179 3188 Acta

182 3226 269 3307 plane
294 3236 339 3287 est
359 3225 454 3286 Ludis
474 3226 706 3306 Megalensibus,
731 3227 769 3286 L.
783 3225 962 3297 Posthumio,
986 3224 1024 3285 L.
1037 3226 1176 3286 Cornelio

183 3324 330 3386 AEdilibus
344 3323 513 3384 curulibus:
534 3324 622 3383 etiam
635 3335 706 3383 tunc
716 3323 877 3403 personatis
890 3321 929 3382 L.
942 3320 1082 3381 Numidia
1094 3322 1178 3382 Post-

181 3420 290 3491 humio,
305 3420 343 3480 L.
354 3419 492 3479 Ambivio
506 3420 674 3500 Turpione:
694 3421 765 3481 item
778 3420 946 3480 modulante
964 3418 1074 3479 Flacco
1087 3418 1177 3479 Clau·

182 3516 230 3577 dio
244 3515 322 3576 tibiis
336 3515 439 3576 dextra
451 3528 483 3576 et
495 3516 609 3577 sinistra
622 3519 659 3578 ob
668 3508 823 3594 jdcularia,
842 3516 934 3574 multa
953 3515 1097 3594 permixta
1109 3518 1176 3593 g'ra·

181 3611 283 3673 vitate.
325 3613 444 3673 Etacta
456 3624 502 3672 est
515 3622 596 3674 tanto
609 3630 749 3673 successu
762 3631 796 3671 ac
809 3612 911 3691 plausu
927 3621 1016 3690 atque
1029 3611 1176 3691 suffragio,

181 3719 215 3769 ut
228 3728 327 3769 rursus
341 3720 420 3770 esset
429 3709 557 3781 vendita,
569 3719 599 3768 et
618 3720 755 3788 ageretur
763 3709 870 3768 iterum
883 3728 937 3789 pro
950 3728 1043 3769 nova:
1063 3729 1176 3791 proque
1246 3782 1249 3788 Ι

183 3825 218 3866 ea
235 3805 369 3886 pretium,
384 3807 464 3886 quod
477 3807 549 3866 nulli
562 3818 630 3867 aute
642 3807 736 3887 ipsam
744 3806 872 3866 fabulam
882 3805 1013 3885 contigit,
1028 3817 1097 3867 octo
1111 3809 1175 3868 mil·

182 3902 257 3961 libus
275 3903 441 3963 sestertium
463 3914 651 3963 numerarent
669 3912 777 3982 poetae.
806 3902 966 3962 Proverbia
987 3902 1175 3984 (Legendum

182 3999 316 4071 arbitror,
332 4001 459 4059 diverbia.
480 4000 548 4059 Vid.
562 4019 650 4079 supra
666 4000 706 4059 ad
729 4011 894 4077 argument.
916 4001 1013 4060 Andr.
1026 4020 1095 4081 pag.
1104 4005 1175 4064 249.

182 4093 231 4174 1..)
244 4097 337 4156 multa
358 4115 439 4176 soepe
458 4097 658 4176 pronunciata,
678 4106 709 4156 et
722 4097 839 4157 cantica
858 4116 937 4177 saepe
949 4097 1067 4156 mutatis
1080 4097 1174 4157 modis

182 4192 313 4254 exhibita
338 4203 415 4254 sunt.
454 4193 629 4274 Προτατικὸν
650 4197 801 4273 πρόσωπον
824 4213 965 4272 nusquam
989 4195 1098 4254 habet:
1119 4194 1174 4254 sed

182 4289 239 4351 suis
252 4300 364 4352 tautum
377 4290 508 4373 personis
522 4291 622 4353 utitur.
662 4289 700 4350 ln
721 4291 779 4352 hac
798 4290 953 4353 Terentius
976 4289 1107 4353 delectat
1128 4290 1172 4350 fa-

212 4398 273 4435 vor..
291 4401 310 4437 1.
669 4387 711 4432 ta
