2917 4950
414 415 601 478 ιιοιοιι
622 414 955 477 oecononum.
1125 394 1187 477 ιιι

118 570 120 575 ⁸
201 596 291 657 latum
304 614 359 676 per
372 595 493 675 Eqrrites
506 596 631 659 fabulam
649 596 788 674 detegere
806 606 966 669 conaretur.
1005 594 1122 657 Etenim
1134 594 1174 656 illi

198 692 345 764 adeo2fuit
363 691 496 764 infensus,
520 703 554 751 nt
571 692 707 770 quoniam
726 692 763 751 ab
784 691 887 773 opificq
906 709 1063 770 personam
1071 691 1173 773 Cleoni

196 788 318 849 simulem
339 787 447 849 hebere
467 808 526 849 non
545 799 652 867 posset,
673 788 726 849 sibi
747 788 837 862 multo
851 788 1020 897 caeterisque
1038 787 1068 846 id
1081 807 1172 865 genus
1256 836 1259 841 <

196 884 269 943 theia
288 884 484 954 concinuerit.
503 884 747 964 histrionibusque
768 905 829 963 pror
848 883 935 943 nimio
955 895 1035 943 metu
1052 904 1173 949 escena

197 980 309 1058 prodire
329 1001 388 1040 non
407 980 589 1053 audentibus,
612 980 728 1041 Cleonis
750 999 899 1088 personam
915 980 994 1040 solus
1012 998 1100 1058 agere
1111 999 1172 1041 non

196 1076 355 1157 dubitarit·
384 1077 504 1156 Eupolis
517 1096 587 1151 vero
598 1095 731 1155 preceps
747 1075 778 1134 in
789 1095 868 1135 mare
881 1076 966 1139 datus
978 1085 1031 1147 cst,
1046 1095 1082 1143 eo
1095 1075 1185 1154 quod*

133 1224 136 1227 ,
195 1162 371 1250 potentiores
384 1172 533 1251 aliquotin
547 1172 648 1251 Baptrs
657 1171 756 1231 fabula
765 1171 972 1245 momordisset
1013 1173 1128 1238 Quum
1119 1193 1173 1252 rgr·

192 1279 241 1329 tur
250 1269 316 1328 hoec
329 1269 589 1341 animaduerterent
600 1279 704 1347 poeta,
716 1268 905 1330 decreverant
913 1269 967 1329 sibi
979 1269 1047 1329 fore.
1055 1289 1172 1348 prorsus

196 1364 385 1438 amaledictia
394 1365 450 1424 illis
464 1366 689 1445 temperandum.
729 1366 833 1444 Itaque
846 1365 902 1425 stili
916 1385 1017 1427 narum
1030 1367 1068 1425 ob
1081 1367 1171 1427 immi·

193 1482 263 1523 uena
272 1463 339 1522 vite
347 1452 502 1523 discrimen
512 1462 569 1522 alio
579 1472 789 1541 converterunt,
801 1482 904 1542 poema
916 1463 1029 1522 scilicet
1038 1464 1171 1537 Homeri,

194 1558 239 1616 rel
259 1557 376 1618 alterius
392 1558 423 1617 in
442 1558 596 1619 ludibrium
618 1578 697 1638 saepe
717 1560 834 1638 quidem
852 1559 988 1635 injuriose
1004 1571 1170 1621 vertentes:

195 1673 314 1732 quorrnn
327 1654 453 1713 maxime
464 1654 598 1714 Cratinus
611 1674 706 1714 scenae
718 1642 884 1734 populoque
897 1658 940 1734 (ut
958 1657 1049 1733 ajunt)
1063 1657 1171 1718 servire

196 1749 351 1817 contendit.
391 1749 520 1810 Noverat
542 1750 616 1809 enim
634 1750 780 1829 (arbitror)
801 1751 831 1810 id
848 1751 927 1829 quod
939 1751 976 1810 in
989 1753 1120 1836 oratione
1131 1755 1170 1814 de

192 1865 301 1907 corona
322 1846 535 1905 Demosthenes
558 1846 668 1917 asserit,
687 1865 757 1925 esse
782 1857 885 1906 natura
912 1858 1116 1926 comparatum,
1137 1859 1170 1909 ut
1214 1855 1217 1861 “

192 1942 321 2005 homines
340 1941 440 2001 libenti
461 1941 555 2000 animo
576 1941 734 2002 calumnias
754 1942 874 2001 aliorum
893 1942 991 2002 audire
1009 1943 1169 2004 videantur.

194 2039 314 2119 Ulysses
332 2037 428 2116 itaque
451 2037 553 2117 plurali
576 2056 695 2105 numero
721 2036 849 2098 fabulam
874 2038 964 2109 dedit,
990 2058 1055 2117 qum
1080 2041 1168 2109 totins

195 2132 334 2214 Odyseeae
360 2133 580 2211 calumniaretur
594 2160 597 2164 ·
610 2133 767 2194 historiam.
816 2133 1027 2214 Aristophanes
1053 2156 1168 2216 quoque

183 2240 341 2309 ,postqum
354 2249 407 2309 suo
420 2229 495 2301 malo
507 2240 610 2289 contm
622 2230 767 2291 stimulum
778 2229 876 2290 calces
896 2230 967 2290 nilril
986 2232 1081 2291 valere
1094 2234 1169 2292 didi·

119 2350 141 2367 ’ν
193 2328 285 2399 risset,
304 2327 335 2387 in
349 2327 468 2405 alteram
484 2347 516 2386 se
532 2327 653 2395 formam
673 2327 757 2407 quasi
776 2327 919 2387 Protheus
932 2329 1084 2400 convertit,
1098 2330 1170 2390 AEo·

193 2424 252 2484 lum
265 2423 376 2486 scilicet
392 2421 518 2484 fabulam
530 2420 676 2504 a'tragicis
690 2422 758 2500 olim
776 2423 959 2498 celebratam,
980 2424 1010 2498 in
1028 2412 1176 2488 uomicam

193 2525 393 2581 αιόλισσικῶνα
403 2520 562 2581 deridendo
575 2521 758 2601 permutavit.
798 2519 852 2578 Ille
865 2519 943 2579 idem
957 2521 1168 2600 Aristophanes

193 2617 306 2696 (mirum
319 2617 410 2696 dictu)
423 2638 506 2693 norm
518 2617 603 2678 etiam
618 2617 730 2678 initium
746 2615 893 2686 comoediae
911 2615 1002 2691 dedit,
1021 2617 1100 2695 quod
1114 2637 1168 2690 ⁴ve·⁸

160 2750 165 2758 ·
194 2702 242 2773 lim
255 2722 316 2792 ejus
330 2714 548 2796 egregialaude
562 2714 671 2774 dictum
684 2713 837 2794 arbitreris.
867 2711 983 2791 Quippe
995 2732 1083 2789 quum
1094 2734 1168 2772 unus

193 2811 254 2891 ipse
274 2824 363 2893 queat
386 2811 503 2891 triplicis
519 2797 692 2890 argumenti·
712 2797 800 2889 poeta
822 2808 950 2888 reperiri,
974 2809 1115 2888 siquidem
1138 2822 1179 2887 et,

193 2905 284 2981 aiam,
296 2909 344 2969 cui
351 2928 456 2968 nomen
467 2917 512 2967 est
522 2907 642 2977 Cocalo,
651 2906 778 2966 fabulam
789 2905 967 2983 commentus
977 2924 1040 2963 esse
1052 2904 1167 2978 dicitur,

190 3002 288 3084 inqua
304 2989 447 3083 virginum
464 3004 701 3078 compressiones,
715 3002 879 3079 aguitaeque
892 3000 1068 3078 agitarentur
1080 3001 1168 3070 affini·

192 3110 271 3162 tates.
307 3102 439 3176 ,Demum
459 3094 579 3169 Athenis
598 3094 799 3154 Macedonum
821 3097 979 3172 petulantia
996 3097 1167 3175 subjugatis,

193 3216 239 3257 eas
252 3196 389 3270 continuo
402 3192 523 3253 fabellas
536 3192 625 3251 edere
635 3190 807 3258 studuerunt
819 3201 924 3268 poetae,
937 3191 1168 3267 quibuaillorum
1245 3225 1248 3233 .

192 3290 342 3371 impuritati
353 3288 531 3349 satisfactum
544 3306 609 3347 esse
621 3286 776 3347 rideretur.
816 3285 1058 3364 Quandoquidem
1069 3288 1116 3347 vel
1129 3308 1169 3349 ea

196 3389 329 3448 Athenaei
338 3384 531 3448 monumentis
544 3382 630 3452 facile
643 3401 792 3461 possumus
805 3384 980 3459 conjectare,
993 3384 1070 3463 quod
1083 3387 1169 3463 gulae,

193 3484 352 3564 ventrisque
362 3467 477 3542 servitio
488 3481 669 3541 Macedones
679 3477 787 3558 fuerint
796 3478 977 3557 emancipati.
1004 3479 1169 3539 Menander
1195 3541 1197 3544 ,

193 3578 288 3658 itaque
301 3599 360 3654 suae
370 3574 540 3657 tempestati
549 3594 657 3638 morem
671 3584 813 3653 gesturus,
827 3574 996 3650 comoediam
1009 3576 1045 3633 ab
1057 3575 1168 3653 Aristo·

191 3674 293 3755 phanis
314 3674 423 3735 Cocalo
446 3672 569 3733 feliciter
596 3671 750 3732 admodum
776 3681 820 3729 est
846 3670 1027 3749 auspicatus:
1054 3670 1101 3729 cui
1122 3672 1166 3732 aie
1197 3673 1199 3684 ’

90 3758 94 3767 ’
195 3770 310 3832 Ovidius
318 3770 419 3831 alludit
427 3770 568 3832 Amorum
577 3768 717 3838 secundo
728 3766 810 3826 nolus
814 3765 1058 3846 obrtorquaenam
1057 3767 1170 3832 fuermt

193 3872 252 3942 ejus
265 3875 436 3946 argumenta
448 3865 655 3943 demonstrans,

252 4013 255 4018 ’
366 4030 428 4075 num
437 4008 688 4085 fortini-mnan
662 4034 812 4089 neptim„
781 4026 945 4087 pur
1122 4007 1163 4023 ‘¹

212 4127 216 4136 =
327 4094 918 4180 VixemthmniffliblmrMmdmet.
994 4109 1041 4134 ·'

191 4251 278 4321 thd
289 4270 347 4316 nos
357 4272 423 4313 cum
436 4221 544 4314 Graeco
556 4225 683 4329 carmine
694 4250 828 4311 ludentes
834 4249 868 4328 in
877 4249 1023 4329 egregiam
1037 4213 1167 4328 Terentii
1181 4250 1190 4283 -'

190 4346 303 4428 laudem
319 4345 510 4424 venissemus,
530 4348 583 4409 tibi
601 4347 811 4429 pulcherrimos·
829 4346 973 4430 condendi
982 4346 1097 4422 jambos
1117 4345 1175 4420 de.->

231 4460 306 4504 vot.
322 4459 344 4503 1.
443 4473 447 4480 ·
680 4463 693 4503 ι
