2917 4950
1102 382 1208 494 Jma

366 377 368 385 '
435 419 933 489 nor.u.sonnn1u.

164 612 236 678 Hic
250 629 332 676 vero
347 614 411 687 est,
426 611 486 692 qui
498 610 530 674 si
545 609 731 693 occeperit,
747 609 864 674 ludum
873 607 1059 694 jocumque
1074 605 1166 673 dicet

165 722 288 788 Fuisse
302 721 398 785 illum
413 720 566 799 alterum,
582 723 692 805 praeut
704 718 805 803 hujus
818 717 934 782 rabies
948 735 1026 800 quoe
1040 716 1146 784 dabit.

164 834 205 898 C.
228 832 278 898 Ut
290 832 386 897 illum
401 831 449 908 di,
464 833 606 915 deaeque
622 830 754 895 senium
775 828 931 913 perdunt,
955 828 1014 911 qui
1031 847 1086 894 me
1107 827 1210 892 hodie

293 947 480 1007 remoratus
495 948 565 1006 est:
1170 945 1210 1001 10

164 1053 293 1137 Meque
308 1052 407 1130 adeo,
424 1052 483 1137 qui
496 1051 692 1117 restiterim:
707 1056 778 1117 tum
793 1055 917 1126 eutem,
933 1050 992 1132 qui
1002 1050 1099 1115 illum
1106 1048 1209 1115 flocci

295 1163 444 1229 fecerim.

160 1326 298 1388 jsnndndnm
306 1324 412 1372 Pbaedris
420 1325 562 1385 loquebatur.
597 1323 664 1371 Oin·
712 1325 784 1382 ditur,
792 1323 931 1387 jampridem
941 1329 1028 1370 motum
1045 1322 1071 1370 in
1088 1338 1126 1369 res
1144 1338 1212 1369 vene·

155 1396 281 1462 fortunam
294 1395 396 1458 renent]
412 1396 468 1443 Hoc
486 1394 574 1442 dictum
592 1410 665 1457 pnes·
712 1398 905 1458 rcas'Gbsrreain.
938 1397 970 1442 Et
979 1410 1060 1457 magns
1069 1402 1147 1456 poetro
1157 1409 1213 1454 cura

164 1468 240 1517 trusit
250 1470 279 1516 ad
300 1469 389 1517 exitum
405 1469 489 1515 inbnlae
507 1483 535 1514 so
554 1475 665 1515 cstsatrc·
714 1478 759 1527 est,
770 1486 799 1517 ne
809 1468 944 1517 incredibile
954 1467 1068 1525 videatur,
1080 1468 1213 1514 adolescen·
1301 1486 1306 1491 ·

164 1541 236 1602 phen.
269 1542 329 1588 Num
347 1542 495 1602 perturbatus
513 1541 542 1587 ad
553 1540 665 1586 Thaidem
714 1541 898 1603 tulum,quipro
909 1540 1021 1587 Eunucho
1034 1539 1116 1587 deduci
1130 1545 1214 1600 potue-

164 1612 295 1678 ingreditur
316 1614 398 1676 (torta,
422 1613 571 1676 ingredictur.
605 1613 665 1659 Nam
714 1615 754 1669 rit,
775 1622 822 1661 tani
840 1612 951 1675 expedite
971 1612 1085 1674 virginem
1107 1610 1212 1661 vitiasse.

166 1685 272 1746 sequitur
287 1700 352 1743 mox,
366 1684 532 1746 jimubuntur,
543 1690 567 1730 et
583 1682 665 1745 ducet)
715 1686 831 1743 Quocirca
842 1685 926 1733 artifex
943 1699 1053 1738 summus,
1071 1683 1132 1744 quod
1149 1682 1214 1732 etati

166 1756 207 1804 bic
222 1771 353 1817 sencx,pcr
362 1756 477 1803 fallacium
487 1755 588 1817 Pythie,
598 1762 623 1802 et
630 1754 665 1801 in·
714 1774 759 1805 non
769 1764 856 1820 potest,
875 1764 960 1804 nuturae
978 1755 1083 1803 attribuit
1103 1755 1216 1812 Gbaeretc,

166 1828 255 1876 dicium
271 1828 437 1875 Parmenonis:
454 1835 523 1888 atque
539 1827 574 1875 ita
591 1827 666 1874 tinua-
714 1838 742 1879 nt
752 1832 847 1879 calidior
857 1829 1055 1891 ingenimctnutc
1065 1843 1137 1876 annos
1152 1844 1215 1876 uma·

166 1902 252 1947 buntur
271 1899 359 1962 nuptia
382 1900 487 1961 virginis,
505 1915 573 1962 quam
596 1899 666 1947 ducet
715 1911 761 1960 tor,
772 1919 816 1951 nou
824 1902 944 1951 libidinem
953 1902 977 1948 in
986 1917 1045 1957 sese,
1054 1900 1215 1962 sedquaudanr

165 1974 270 2021 chem.
286 1975 318 2021 D.
714 1976 803 2023 rabiem
815 1974 971 2052 designaverit
983 1974 1007 2020 in
1017 1988 1128 2021 venereos
1143 1987 1215 2036 appe·

202 2048 218 2094 8
235 2045 279 2093 Hic
297 2061 348 2093 oero
365 2047 407 2111 cst]
428 2048 513 2095 Utrum
534 2062 617 2101 senex,
637 2062 666 2093 an
714 2048 780 2097 titus.
797 2050 829 2095 D.

168 2118 374 2182 Cbscres(indigna
381 2118 431 2165 bec
436 2126 489 2169 sont
494 2120 593 2166 Donato
605 2120 666 2165 Nam
749 2120 901 2183 Proentbujos
910 2117 993 2181 rabies]
1010 2118 1216 2167 Primnum.

168 2190 290 2238 manifeste
304 2191 334 2237 de
345 2190 440 2238 Gbrerea
453 2197 490 2237 est
506 2189 608 2253 sermo)?
624 2190 665 2237 sed
715 2194 743 2240 1.

168 2263 336 2323 senexpotius.
370 2262 417 2309 Hic
426 2278 475 2310 nero
489 2263 531 2326 ert]
546 2262 665 2325 &cresum
749 2269 781 2312 10
800 2261 830 2312 Ut
840 2265 917 2330 ilium]
936 2266 983 2312 Pro
996 2264 1090 2313 utinum.
1108 2263 1141 2312 Di
1160 2268 1217 2314 dece·

169 2335 371 2383 soiiioetcboeres.
390 2336 422 2382 D.
716 2340 850 2401 montium
858 2339 965 2401 perdunt]
982 2339 1040 2385 Plus
1056 2338 1117 2385 dixit
1125 2340 1218 2394 senium,

204 2407 249 2455 Hic
266 2422 314 2454 ciero
330 2407 372 2470 cst]
389 2409 475 2455 Sensus
492 2413 544 2454 est:
562 2405 598 2453 tic
614 2407 668 2454 odo-
717 2426 784 2471 quam
795 2425 872 2458 sctum
889 2411 941 2456 Nec
952 2410 1050 2464 mireris,
1060 2420 1114 2470 post
1123 2414 1216 2467 sertitem,

170 2482 248 2529 iacens
265 2484 284 2529 ai
303 2497 377 2529 umore
397 2482 494 2544 eoeperit,
505 2480 607 2546 fratrem
620 2482 669 2543 q'us
717 2487 756 2547 poi
767 2485 885 2531 additum:
903 2484 957 2531 ideo
968 2484 1023 2545 quin
1041 2483 1215 2532 declinationem

170 2554 300 2602 Pbaedriam
308 2555 366 2602 dices
377 2554 455 2602 mium
466 2562 488 2602 et
496 2556 576 2616 jocum
585 2552 668 2618 fonte,
717 2557 747 2602 ad
759 2556 902 2604 intellectum
911 2555 998 2603 retulit.
1011 2561 1037 2601 ut
1048 2556 1114 2612 olibi,
1124 2557 1149 2603 in
1169 2555 1218 2617 Enq

170 2628 214 2674 boc
224 2635 270 2682 est,
279 2643 323 2674 non
334 2642 435 2675 ornasse:
452 2626 552 2673 itaenim
559 2627 595 2674 bio
607 2625 669 2673 insa·
716 2627 817 2675 coebum
835 2643 907 2685 mm,
918 2635 942 2675 et
951 2643 1020 2684 senem
1030 2627 1059 2673 ad
1079 2635 1169 2675 retatem
1180 2645 1217 2683 req

169 2699 263 2747 uiuitis
272 2715 357 2748 amore.
375 2702 404 2748 lt.
717 2700 802 2746 ierim:
818 2701 913 2757 maium,
924 2702 953 2746 ad
963 2699 1100 2746 conuiuium.
1114 2699 1148 2746 sic
1168 2702 1217 2748 Lu-

203 2775 242 2820 Ne
260 2775 289 2820 ad
307 2774 404 2828 trintum,
419 2771 460 2835 qui
475 2774 575 2830 videtur,
586 2772 670 2820 tolien-
718 2771 787 2819 cilius
804 2773 845 2828 ait,
863 2773 991 2834 etquidem
1009 2781 1030 2819 te
1043 2774 1135 2828 senium,
1151 2781 1216 2836 utque

170 2847 236 2901 dum,
251 2862 304 2893 cum
315 2846 368 2892 aliis
380 2846 450 2892 verbu
467 2854 502 2892 sot
520 2848 571 2900 seio,
591 2851 670 2892 contra
717 2843 799 2891 insitire
814 2843 909 2905 sophista
925 2844 1010 2909 (doura
1021 2844 1087 2906 legit,
1105 2852 1129 2891 ot
1146 2852 1167 2892 te
1184 2843 1218 2895 Di

169 2918 252 2974 libros,
270 2917 430 2979 interpolanda
439 2924 561 2977 putemus;
577 2918 622 2964 dno
634 2916 671 2964 di·

171 2996 257 3038 metros
267 2997 291 3039 et
301 3006 372 3037 unnrn
383 2990 510 3037 trimetrum
528 2996 603 3037 statuo
620 2990 668 3037 ita:
695 3000 697 3007 ’

172 3063 209 3110 hic
229 3079 279 3111 vcro
294 3072 333 3119 at,
349 3064 389 3126 qni
412 3064 431 3109 si
452 3065 564 3124 occeperit,
577 3062 670 3110 Lorium

163 3138 284 3199 jbeumque
302 3138 362 3183 dicus
381 3133 456 3199 fluisse
479 3136 546 3182 iilum
568 3136 672 3189 atreum,

172 3209 252 3257 Praeot
262 3211 330 3271 bajus
341 3209 413 3256 rabies
420 3225 467 3270 quc
477 3209 545 3255 dubit.
580 3208 628 3255 Pro
637 3207 672 3253 di·

717 2917 810 2973 senium,
821 2917 960 2965 subaudiens
967 2917 1072 2977 perdant.
1088 2918 1135 2963 Sed
1146 2918 1217 2973 Fran·

718 2989 794 3036 ciscus
805 2990 882 3038 filios:
898 2998 923 3036 ot
935 2989 968 3036 Di
985 2980 1006 3036 te
1020 2989 1217 3051 patientientiae

717 3067 784 3124 atquc
806 3062 888 3109 insulse
909 3061 999 3126 poeta).
1024 3061 1154 3109 Remorotos
1173 3063 1217 3138 est]

720 3135 742 3180 A
751 3150 840 3182 remora
857 3135 978 3196 pisciculo,
997 3133 1036 3195 qui
1051 3140 1075 3180 et
1089 3131 1167 3198 ἰχινηΐς
1179 3151 1219 3182 vo·

719 3215 793 3265 catur,
810 3210 925 3256 remoratio
943 3214 967 3254 et
986 3215 1108 3255 remoratus
1123 3209 1216 3271 dicitur,

171 3289 214 3336 cet,
224 3289 264 3328 unt
275 3282 341 3339 dicen
351 3280 412 3342 quod
424 3281 449 3327 in
463 3281 531 3332 codd.
548 3279 672 3340 reperitur,
719 3281 751 3326 D.

170 3354 237 3416 leges
249 3355 333 3416 lingue
342 3354 460 3414 postulunt
470 3354 539 3407 dicos.
555 3354 586 3400 B.
755 3350 786 3399 Ut
795 3353 862 3401 iilum
872 3355 896 3401 di
904 3353 1000 3416 demque]
1013 3352 1061 3399 iiic
1071 3350 1154 3414 incipit
1164 3369 1217 3403 conr

205 3425 317 3480 optem
330 3425 470 3488 bty'osrebies
478 3423 603 3488 quaedobit]
620 3424 671 3473 Pru
719 3425 818 3486 questio.
837 3427 864 3473 E.
1213 3486 1217 3493 .

170 3499 245 3564 (tege,
256 3513 314 3558 prae,
322 3507 343 3544 et
358 3498 541 3559 comparationem
553 3497 671 3561 signifieat.
752 3496 843 3545 Senium
855 3497 963 3560 perdant]
981 3495 1008 3542 V.
1020 3496 1047 3542 C.
1059 3509 1129 3542 monn
1147 3512 1219 3555 corner

172 3573 250 3620 Mox:
264 3585 311 3631 pro
320 3570 374 3626 itis,
385 3578 412 3617 ot
427 3570 469 3616 iilo
478 3570 555 3631 sunt),
565 3587 595 3619 ex
610 3585 672 3616 corn·
718 3568 822 3628 perdum.
840 3568 867 3614 1..

171 3642 291 3707 paratione
302 3642 421 3702 significat.
449 3643 512 3702 Ergo
523 3642 632 3704 proprie:
648 3648 672 3688 et
753 3639 829 3686 Senem
840 3641 925 3687 habent
938 3655 1016 3686 ornnes
1026 3639 1106 3695 nostri.
1123 3638 1164 3695 Dii
1173 3641 1219 3703 dec

171 3724 207 3765 est
218 3716 311 3775 integra
321 3714 415 3761 locutio.
428 3720 452 3761 et
470 3715 527 3761 ordo
545 3722 588 3772 est,
598 3721 672 3775 praeut
721 3714 850 3760 minescod.
862 3712 927 3763 acad,
935 3714 1003 3774 etqui
1010 3711 1074 3758 bodie
1081 3727 1121 3770 me,
1130 3713 1217 3775 regius.

169 3790 211 3838 ilia
222 3793 284 3842 sunt,
295 3801 346 3846 quai
367 3786 436 3846 bujos
451 3786 527 3835 rabies
537 3788 608 3833 dabit.
643 3787 672 3832 Et
721 3785 862 3844 Repone,ot
869 3785 935 3831 iilum
944 3782 984 3840 Di,
992 3782 1046 3830 Deae
1056 3798 1126 3831 mones
1135 3786 1220 3842 senium

171 3858 383 3918 benedubit,quasi
401 3859 471 3905 dere
486 3857 596 3905 violenta.
629 3859 672 3913 Ut,
719 3858 824 3918 perdam,
835 3859 873 3920 qui
884 3856 945 3912 hodie
955 3872 988 3903 me
998 3861 1163 3906 remoratossit.
1181 3861 1210 3907 B.

170 3932 226 3981 AEn.
238 3930 301 3976 XII.
312 3928 464 3979 ‹tta—tabu
480 3929 519 3979 iiic
528 3931 618 3976 ruinam
628 3930 674 3976 Ar·
757 3927 799 3990 Ut]
814 3928 844 3976 Ut
850 3929 942 3990 ponitur
950 3944 991 3991 pro
999 3929 1123 3985 utinam,in
1133 3933 1220 3989 Heaut,

170 4004 267 4052 boi-ibim
301 4000 591 4062 Prentbojosrobiesquc
600 4000 673 4064 dubit]
721 4001 766 4047 IV.
778 4003 802 4047 6.
815 4007 837 4053 6.
847 4010 874 4048 ot
885 4009 906 4049 te
919 3995 1006 4065 quidem
1023 4015 1095 4049 omnes
1112 3999 1220 4052 DiDee-

171 4076 222 4123 Hic
234 4089 266 4120 cx
278 4079 344 4132 purte
362 4072 501 4120 characteris
520 4071 605 4119 inscios
623 4072 673 4133 qni·
722 4086 772 4132 qne,
786 4072 831 4120 &c
844 4074 914 4121 Ovio.
927 4073 995 4135 epist.
1008 4074 1083 4121 xm.
1094 4078 1150 4123 161.
1162 4077 1221 4139 quod

171 4148 225 4195 dem
232 4152 376 4205 estpersouoe
384 4145 565 4205 Cbtereae,quern
573 4144 674 4190 motibus
722 4153 750 4192 ot
760 4146 846 4192 oideom
855 4148 916 4193 conis
925 4146 998 4193 abere
1003 4145 1096 4207 capitiis.
1114 4149 1143 4194 n.
1154 4149 1186 4207 D.

114 4265 120 4279 ¹
171 4217 269 4280 conjicit
279 4232 360 4264 servus
374 4216 527 4264 ardentiorem
541 4216 674 4265 inaniorem
756 4220 786 4273 tl
806 4216 863 4264 Tum
877 4217 1008 4280 autemqoi
1023 4218 1221 4284 iliumfloeczfeco-⁴

172 4291 223 4337 fieri
245 4304 324 4349 posse,
343 4290 441 4337 simulac
457 4288 561 4347 coeperit.
596 4288 680 4345 Proeut,
723 4290 778 4359 rim]
791 4288 1019 4351 Tomootempro,et.
1034 4292 1237 4355 Dussvultenirn'

174 4362 244 4424 bojas
263 4363 397 4427 rabiesque
416 4362 491 4426 doto]
508 4364 539 4410 Et
549 4360 586 4408 tic
597 4368 673 4417 osten·
724 4378 875 4421 causeum,
891 4379 933 4412 cnr
947 4363 1047 4431 seipsum
1059 4363 1091 4419 Di
1106 4365 1220 4429 perdente
