<?xml version="1.0" encoding="UTF-8"?>
<!DOCTYPE html PUBLIC "-//W3C//DTD XHTML 1.0 Transitional//EN"
    "http://www.w3.org/TR/xhtml1/DTD/xhtml1-transitional.dtd">
<html xmlns="http://www.w3.org/1999/xhtml" xml:lang="en" lang="en">
 <head>
  <title>
</title>
<meta http-equiv="Content-Type" content="text/html;charset=utf-8" />
  <meta name='ocr-system' content='tesseract 3.04.00' />
  <meta name='ocr-capabilities' content='ocr_page ocr_carea ocr_par ocr_line ocrx_word'/>
</head>
<body>
  <div class='ocr_page' id='page_1' title='image "./pterentiicartha00unkngoog/pterentiicartha00unkngoog_0096.png"; bbox 0 0 2917 4950; ppageno 0'>
   <div class='ocr_carea' id='block_1_1' title="bbox 274 424 931 497">
    <p class='ocr_par' dir='ltr' id='par_1_1' title="bbox 274 424 931 497">
     <span class='ocr_line' id='line_1_1' title="bbox 274 424 931 497; baseline -0.006 0"><span class='ocrx_word' id='word_1_1' title='bbox 274 424 365 497; x_wconf 61' lang='grc' dir='ltr'><strong><em>Μ</em></strong></span> <span class='ocrx_word' id='word_1_2' title='bbox 600 425 669 492; x_wconf 71' lang='grc' dir='ltr'><strong>Μ’</strong></span> <span class='ocrx_word' id='word_1_3' title='bbox 686 425 931 493; x_wconf 69' lang='grc' dir='ltr'><strong>ΤΗΕΑΤΗΟ.</strong></span> 
     </span>
    </p>
   </div>
   <div class='ocr_carea' id='block_1_2' title="bbox 207 600 1265 3872">
    <p class='ocr_par' dir='ltr' id='par_1_2' title="bbox 207 600 1265 3872">
     <span class='ocr_line' id='line_1_2' title="bbox 274 600 1262 690; baseline -0.005 -14"><span class='ocrx_word' id='word_1_4' title='bbox 274 600 464 688; x_wconf 66' lang='lat' dir='ltr'><strong>emebamus&gt;</strong></span> <span class='ocrx_word' id='word_1_5' title='bbox 481 603 731 679; x_wconf 58' lang='lat' dir='ltr'><strong>Mmtttflilrltsc</strong></span> <span class='ocrx_word' id='word_1_6' title='bbox 744 611 776 672; x_wconf 82' lang='lat' dir='ltr'><strong>iu</strong></span> <span class='ocrx_word' id='word_1_7' title='bbox 784 610 964 689; x_wconf 58' lang='lat' dir='ltr'><strong>&#39;mahali</strong></span> <span class='ocrx_word' id='word_1_8' title='bbox 976 609 1100 690; x_wconf 56' lang='grc' dir='ltr'><strong>ἐμώ</strong></span> <span class='ocrx_word' id='word_1_9' title='bbox 1117 610 1262 690; x_wconf 69' lang='lat' dir='ltr'><strong>oenpns</strong></span> 
     </span>
     <span class='ocr_line' id='line_1_3' title="bbox 272 702 1263 789; baseline 0 -18"><span class='ocrx_word' id='word_1_10' title='bbox 272 721 344 783; x_wconf 73' lang='lat' dir='ltr'><strong>rum,</strong></span> <span class='ocrx_word' id='word_1_11' title='bbox 358 702 446 788; x_wconf 74' lang='lat' dir='ltr'><strong>utquid</strong></span> <span class='ocrx_word' id='word_1_12' title='bbox 458 706 727 780; x_wconf 69' lang='lat' dir='ltr'><strong>itaconfus‘mumm</strong></span> <span class='ocrx_word' id='word_1_13' title='bbox 742 719 873 789; x_wconf 84' lang='lat' dir='ltr'><strong>utreque</strong></span> <span class='ocrx_word' id='word_1_14' title='bbox 893 718 992 789; x_wconf 78' lang='lat' dir='ltr'><strong>gestus</strong></span> <span class='ocrx_word' id='word_1_15' title='bbox 1003 708 1211 788; x_wconf 77' lang='lat' dir='ltr'><strong>prospicerent,</strong></span> <span class='ocrx_word' id='word_1_16' title='bbox 1225 727 1263 771; x_wconf 81' lang='lat' dir='ltr'><strong>se</strong></span> 
     </span>
     <span class='ocr_line' id='line_1_4' title="bbox 273 802 1263 886; baseline -0.001 -20"><span class='ocrx_word' id='word_1_17' title='bbox 273 822 362 867; x_wconf 79' lang='lat' dir='ltr'><strong>voces</strong></span> <span class='ocrx_word' id='word_1_18' title='bbox 380 805 513 865; x_wconf 81' lang='lat' dir='ltr'><strong>audirent</strong></span> <span class='ocrx_word' id='word_1_19' title='bbox 525 804 598 883; x_wconf 84' lang='lat' dir='ltr'><strong>(sine</strong></span> <span class='ocrx_word' id='word_1_20' title='bbox 612 805 738 864; x_wconf 85' lang='lat' dir='ltr'><strong>tumultu</strong></span> <span class='ocrx_word' id='word_1_21' title='bbox 750 802 860 884; x_wconf 78' lang='lat' dir='ltr'><strong>tamen)</strong></span> <span class='ocrx_word' id='word_1_22' title='bbox 872 806 923 886; x_wconf 87' lang='lat' dir='ltr'><strong>qui</strong></span> <span class='ocrx_word' id='word_1_23' title='bbox 936 806 974 865; x_wconf 87' lang='lat' dir='ltr'><strong>ad</strong></span> <span class='ocrx_word' id='word_1_24' title='bbox 987 806 1080 866; x_wconf 87' lang='lat' dir='ltr'><strong>latera</strong></span> <span class='ocrx_word' id='word_1_25' title='bbox 1091 817 1123 865; x_wconf 88' lang='lat' dir='ltr'><strong>et</strong></span> <span class='ocrx_word' id='word_1_26' title='bbox 1133 805 1165 865; x_wconf 88' lang='lat' dir='ltr'><strong>in</strong></span> <span class='ocrx_word' id='word_1_27' title='bbox 1181 825 1263 884; x_wconf 68' lang='lat' dir='ltr'><strong>smu-</strong></span> 
     </span>
     <span class='ocr_line' id='line_1_5' title="bbox 273 890 1261 980; baseline 0.001 -18"><span class='ocrx_word' id='word_1_28' title='bbox 273 903 327 963; x_wconf 81' lang='lat' dir='ltr'><strong>mls</strong></span> <span class='ocrx_word' id='word_1_29' title='bbox 344 890 480 962; x_wconf 75' lang='lat' dir='ltr'><strong>sederent</strong></span> <span class='ocrx_word' id='word_1_30' title='bbox 503 894 649 978; x_wconf 76' lang='lat' dir='ltr'><strong>gradium,</strong></span> <span class='ocrx_word' id='word_1_31' title='bbox 670 912 757 980; x_wconf 84' lang='lat' dir='ltr'><strong>utque</strong></span> <span class='ocrx_word' id='word_1_32' title='bbox 774 902 807 978; x_wconf 85' lang='lat' dir='ltr'><strong>ii,</strong></span> <span class='ocrx_word' id='word_1_33' title='bbox 826 901 876 980; x_wconf 87' lang='lat' dir='ltr'><strong>qui</strong></span> <span class='ocrx_word' id='word_1_34' title='bbox 895 901 925 960; x_wconf 90' lang='lat' dir='ltr'><strong>in</strong></span> <span class='ocrx_word' id='word_1_35' title='bbox 942 900 1005 960; x_wconf 87' lang='lat' dir='ltr'><strong>imis</strong></span> <span class='ocrx_word' id='word_1_36' title='bbox 1023 907 1109 977; x_wconf 85' lang='lat' dir='ltr'><strong>juxta</strong></span> <span class='ocrx_word' id='word_1_37' title='bbox 1130 920 1261 963; x_wconf 61' lang='lat' dir='ltr'><strong>scena</strong></span> 
     </span>
     <span class='ocr_line' id='line_1_6' title="bbox 275 992 1262 1077; baseline 0.001 -20"><span class='ocrx_word' id='word_1_38' title='bbox 275 997 390 1058; x_wconf 77' lang='lat' dir='ltr'><strong>Cuneom</strong></span> <span class='ocrx_word' id='word_1_39' title='bbox 402 1016 508 1058; x_wconf 85' lang='lat' dir='ltr'><strong>vocare</strong></span> <span class='ocrx_word' id='word_1_40' title='bbox 520 992 635 1058; x_wconf 84' lang='lat' dir='ltr'><strong>videtur</strong></span> <span class='ocrx_word' id='word_1_41' title='bbox 648 996 758 1057; x_wconf 89' lang='lat' dir='ltr'><strong>Plinius</strong></span> <span class='ocrx_word' id='word_1_42' title='bbox 775 997 873 1056; x_wconf 87' lang='lat' dir='ltr'><strong>locum</strong></span> <span class='ocrx_word' id='word_1_43' title='bbox 886 997 918 1056; x_wconf 91' lang='lat' dir='ltr'><strong>in</strong></span> <span class='ocrx_word' id='word_1_44' title='bbox 935 998 1060 1068; x_wconf 83' lang='lat' dir='ltr'><strong>theatro,</strong></span> <span class='ocrx_word' id='word_1_45' title='bbox 1074 997 1212 1077; x_wconf 77' lang='lat' dir='ltr'><strong>gradibus</strong></span> <span class='ocrx_word' id='word_1_46' title='bbox 1224 1016 1262 1059; x_wconf 81' lang='lat' dir='ltr'><strong>ac</strong></span> 
     </span>
     <span class='ocr_line' id='line_1_7' title="bbox 273 1082 1261 1175; baseline 0.001 -21"><span class='ocrx_word' id='word_1_47' title='bbox 273 1082 389 1154; x_wconf 81' lang='lat' dir='ltr'><strong>sedibus</strong></span> <span class='ocrx_word' id='word_1_48' title='bbox 397 1104 596 1154; x_wconf 82' lang='lat' dir='ltr'><strong>constructum</strong></span> <span class='ocrx_word' id='word_1_49' title='bbox 608 1105 696 1173; x_wconf 82' lang='lat' dir='ltr'><strong>atque</strong></span> <span class='ocrx_word' id='word_1_50' title='bbox 710 1093 910 1172; x_wconf 86' lang='lat' dir='ltr'><strong>compositum,</strong></span> <span class='ocrx_word' id='word_1_51' title='bbox 923 1093 955 1152; x_wconf 93' lang='lat' dir='ltr'><strong>in</strong></span> <span class='ocrx_word' id='word_1_52' title='bbox 968 1112 1027 1173; x_wconf 88' lang='lat' dir='ltr'><strong>quo</strong></span> <span class='ocrx_word' id='word_1_53' title='bbox 1039 1096 1157 1155; x_wconf 84' lang='lat' dir='ltr'><strong>sederet</strong></span> <span class='ocrx_word' id='word_1_54' title='bbox 1168 1113 1261 1175; x_wconf 77' lang='lat' dir='ltr'><strong>popu·</strong></span> 
     </span>
     <span class='ocr_line' id='line_1_8' title="bbox 273 1182 1261 1271; baseline 0 -20"><span class='ocrx_word' id='word_1_55' title='bbox 273 1190 328 1251; x_wconf 87' lang='lat' dir='ltr'><strong>lus.</strong></span> <span class='ocrx_word' id='word_1_56' title='bbox 368 1191 467 1254; x_wconf 76' lang='lat' dir='ltr'><strong>Cavea</strong></span> <span class='ocrx_word' id='word_1_57' title='bbox 483 1192 547 1271; x_wconf 88' lang='lat' dir='ltr'><strong>ipsa</strong></span> <span class='ocrx_word' id='word_1_58' title='bbox 563 1182 667 1269; x_wconf 87' lang='lat' dir='ltr'><strong>(inquit</strong></span> <span class='ocrx_word' id='word_1_59' title='bbox 688 1191 725 1250; x_wconf 90' lang='lat' dir='ltr'><strong>de</strong></span> <span class='ocrx_word' id='word_1_60' title='bbox 745 1186 865 1250; x_wconf 89' lang='lat' dir='ltr'><strong>theatro</strong></span> <span class='ocrx_word' id='word_1_61' title='bbox 880 1188 993 1268; x_wconf 81' lang='lat' dir='ltr'><strong>Scauri)</strong></span> <span class='ocrx_word' id='word_1_62' title='bbox 1014 1191 1092 1271; x_wconf 88' lang='lat' dir='ltr'><strong>cepit</strong></span> <span class='ocrx_word' id='word_1_63' title='bbox 1109 1191 1261 1252; x_wconf 83' lang='lat' dir='ltr'><strong>hominum</strong></span> 
     </span>
     <span class='ocr_line' id='line_1_9' title="bbox 273 1278 1261 1367; baseline 0 -21"><span class='ocrx_word' id='word_1_64' title='bbox 273 1286 424 1367; x_wconf 79' lang='lat' dir='ltr'><strong>dctog‘lnta</strong></span> <span class='ocrx_word' id='word_1_65' title='bbox 432 1278 533 1347; x_wconf 84' lang='lat' dir='ltr'><strong>millia:</strong></span> <span class='ocrx_word' id='word_1_66' title='bbox 548 1300 615 1347; x_wconf 76' lang='lat' dir='ltr'><strong>curn</strong></span> <span class='ocrx_word' id='word_1_67' title='bbox 626 1285 756 1367; x_wconf 86' lang='lat' dir='ltr'><strong>Pompeii</strong></span> <span class='ocrx_word' id='word_1_68' title='bbox 769 1286 875 1346; x_wconf 87' lang='lat' dir='ltr'><strong>theatri</strong></span> <span class='ocrx_word' id='word_1_69' title='bbox 885 1286 940 1366; x_wconf 78' lang='lat' dir='ltr'><strong>(sic</strong></span> <span class='ocrx_word' id='word_1_70' title='bbox 949 1287 1026 1346; x_wconf 88' lang='lat' dir='ltr'><strong>enim</strong></span> <span class='ocrx_word' id='word_1_71' title='bbox 1035 1286 1191 1366; x_wconf 77' lang='lat' dir='ltr'><strong>legendum</strong></span> <span class='ocrx_word' id='word_1_72' title='bbox 1200 1297 1261 1348; x_wconf 79' lang='lat' dir='ltr'><strong>ests</strong></span> 
     </span>
     <span class='ocr_line' id='line_1_10' title="bbox 272 1381 1264 1465; baseline 0 -22"><span class='ocrx_word' id='word_1_73' title='bbox 272 1384 341 1443; x_wconf 80' lang='lat' dir='ltr'><strong>nam</strong></span> <span class='ocrx_word' id='word_1_74' title='bbox 358 1392 505 1465; x_wconf 86' lang='lat' dir='ltr'><strong>nunquam</strong></span> <span class='ocrx_word' id='word_1_75' title='bbox 519 1381 675 1463; x_wconf 88' lang='lat' dir='ltr'><strong>Pompeius</strong></span> <span class='ocrx_word' id='word_1_76' title='bbox 687 1382 928 1463; x_wconf 67' lang='lat' dir='ltr'><strong>amphitheatrum</strong></span> <span class='ocrx_word' id='word_1_77' title='bbox 941 1383 1043 1461; x_wconf 84' lang='lat' dir='ltr'><strong>edidit)</strong></span> <span class='ocrx_word' id='word_1_78' title='bbox 1060 1385 1147 1444; x_wconf 82' lang='lat' dir='ltr'><strong>toties</strong></span> <span class='ocrx_word' id='word_1_79' title='bbox 1166 1384 1264 1443; x_wconf 88' lang='lat' dir='ltr'><strong>multi·</strong></span> 
     </span>
     <span class='ocr_line' id='line_1_11' title="bbox 272 1472 1263 1560; baseline 0 -20"><span class='ocrx_word' id='word_1_80' title='bbox 272 1472 384 1559; x_wconf 78' lang='lat' dir='ltr'><strong>plicats</strong></span> <span class='ocrx_word' id='word_1_81' title='bbox 393 1482 476 1552; x_wconf 88' lang='lat' dir='ltr'><strong>urbe,</strong></span> <span class='ocrx_word' id='word_1_82' title='bbox 496 1489 636 1560; x_wconf 88' lang='lat' dir='ltr'><strong>tantoque</strong></span> <span class='ocrx_word' id='word_1_83' title='bbox 649 1484 757 1556; x_wconf 75' lang='lat' dir='ltr'><strong>majore</strong></span> <span class='ocrx_word' id='word_1_84' title='bbox 774 1480 892 1560; x_wconf 92' lang='lat' dir='ltr'><strong>populo,</strong></span> <span class='ocrx_word' id='word_1_85' title='bbox 911 1481 1030 1540; x_wconf 79' lang='lat' dir='ltr'><strong>sufficiet</strong></span> <span class='ocrx_word' id='word_1_86' title='bbox 1041 1481 1123 1560; x_wconf 74' lang='lat' dir='ltr'><strong>large</strong></span> <span class='ocrx_word' id='word_1_87' title='bbox 1137 1481 1263 1560; x_wconf 77' lang='lat' dir='ltr'><strong>quadra.</strong></span> 
     </span>
     <span class='ocr_line' id='line_1_12' title="bbox 272 1568 1262 1657; baseline 0.001 -21"><span class='ocrx_word' id='word_1_88' title='bbox 272 1568 354 1655; x_wconf 80' lang='lat' dir='ltr'><strong>ginta</strong></span> <span class='ocrx_word' id='word_1_89' title='bbox 372 1577 461 1636; x_wconf 82' lang='lat' dir='ltr'><strong>millio</strong></span> <span class='ocrx_word' id='word_1_90' title='bbox 483 1568 596 1637; x_wconf 78' lang='lat' dir='ltr'><strong>sedere.</strong></span> <span class='ocrx_word' id='word_1_91' title='bbox 639 1568 704 1639; x_wconf 86' lang='lat' dir='ltr'><strong>Nisi</strong></span> <span class='ocrx_word' id='word_1_92' title='bbox 721 1572 814 1638; x_wconf 80' lang='lat' dir='ltr'><strong>mavis</strong></span> <span class='ocrx_word' id='word_1_93' title='bbox 834 1596 954 1639; x_wconf 83' lang='lat' dir='ltr'><strong>caveam</strong></span> <span class='ocrx_word' id='word_1_94' title='bbox 972 1576 1103 1656; x_wconf 84' lang='lat' dir='ltr'><strong>accipere</strong></span> <span class='ocrx_word' id='word_1_95' title='bbox 1125 1596 1180 1657; x_wconf 91' lang='lat' dir='ltr'><strong>pro</strong></span> <span class='ocrx_word' id='word_1_96' title='bbox 1199 1585 1262 1637; x_wconf 82' lang='lat' dir='ltr'><strong>tcta</strong></span> 
     </span>
     <span class='ocr_line' id='line_1_13' title="bbox 207 1662 1261 1753; baseline 0.002 -21"><span class='ocrx_word' id='word_1_97' title='bbox 207 1690 210 1701; x_wconf 90' lang='lat'><strong>·</strong></span> <span class='ocrx_word' id='word_1_98' title='bbox 272 1662 378 1733; x_wconf 81' lang='lat' dir='ltr'><strong>tlseatri</strong></span> <span class='ocrx_word' id='word_1_99' title='bbox 388 1672 601 1752; x_wconf 60' lang='lat' dir='ltr'><strong>capacitatem</strong></span> <span class='ocrx_word' id='word_1_100' title='bbox 609 1672 697 1733; x_wconf 85' lang='lat' dir='ltr'><strong>etiam</strong></span> <span class='ocrx_word' id='word_1_101' title='bbox 707 1674 925 1753; x_wconf 83' lang='lat' dir='ltr'><strong>scenamipsam</strong></span> <span class='ocrx_word' id='word_1_102' title='bbox 935 1673 1172 1753; x_wconf 84' lang='lat' dir='ltr'><strong>comprehendas,</strong></span> <span class='ocrx_word' id='word_1_103' title='bbox 1181 1671 1261 1752; x_wconf 87' lang='lat' dir='ltr'><strong>quod</strong></span> 
     </span>
     <span class='ocr_line' id='line_1_14' title="bbox 272 1770 1262 1850; baseline 0 -21"><span class='ocrx_word' id='word_1_104' title='bbox 272 1770 371 1830; x_wconf 78' lang='lat' dir='ltr'><strong>tamen</strong></span> <span class='ocrx_word' id='word_1_105' title='bbox 388 1770 483 1830; x_wconf 85' lang='lat' dir='ltr'><strong>minus</strong></span> <span class='ocrx_word' id='word_1_106' title='bbox 501 1770 692 1849; x_wconf 75' lang='lat' dir='ltr'><strong>probaverim.</strong></span> <span class='ocrx_word' id='word_1_107' title='bbox 735 1772 848 1831; x_wconf 81' lang='lat' dir='ltr'><strong>Gradus</strong></span> <span class='ocrx_word' id='word_1_108' title='bbox 859 1776 958 1832; x_wconf 84' lang='lat' dir='ltr'><strong>autem</strong></span> <span class='ocrx_word' id='word_1_109' title='bbox 970 1770 1143 1830; x_wconf 70' lang='lat' dir='ltr'><strong>dicebantur</strong></span> <span class='ocrx_word' id='word_1_110' title='bbox 1155 1770 1186 1829; x_wconf 91' lang='lat' dir='ltr'><strong>in</strong></span> <span class='ocrx_word' id='word_1_111' title='bbox 1197 1770 1262 1850; x_wconf 78' lang='lat' dir='ltr'><strong>ipsa</strong></span> 
     </span>
     <span class='ocr_line' id='line_1_15' title="bbox 272 1858 1262 1947; baseline -0.001 -21"><span class='ocrx_word' id='word_1_112' title='bbox 272 1866 376 1927; x_wconf 82' lang='lat' dir='ltr'><strong>leuiter</strong></span> <span class='ocrx_word' id='word_1_113' title='bbox 388 1858 535 1947; x_wconf 81' lang='lat' dir='ltr'><strong>pendente</strong></span> <span class='ocrx_word' id='word_1_114' title='bbox 547 1867 654 1927; x_wconf 79' lang='lat' dir='ltr'>theatri</span> <span class='ocrx_word' id='word_1_115' title='bbox 666 1868 769 1940; x_wconf 81' lang='lat' dir='ltr'><strong>forms,</strong></span> <span class='ocrx_word' id='word_1_116' title='bbox 780 1866 865 1927; x_wconf 89' lang='lat' dir='ltr'><strong>sedes</strong></span> <span class='ocrx_word' id='word_1_117' title='bbox 876 1865 1010 1946; x_wconf 72' lang='lat' dir='ltr'><strong>lapidem,</strong></span> <span class='ocrx_word' id='word_1_118' title='bbox 1023 1865 1054 1925; x_wconf 87' lang='lat' dir='ltr'><strong>in</strong></span> <span class='ocrx_word' id='word_1_119' title='bbox 1065 1866 1262 1946; x_wconf 76' lang='lat' dir='ltr'><strong>hemicyclum</strong></span> 
     </span>
     <span class='ocr_line' id='line_1_16' title="bbox 271 1961 1263 2043; baseline 0 -20"><span class='ocrx_word' id='word_1_120' title='bbox 271 1962 359 2023; x_wconf 84' lang='lat' dir='ltr'><strong>etiarn</strong></span> <span class='ocrx_word' id='word_1_121' title='bbox 380 1973 547 2034; x_wconf 77' lang='lat' dir='ltr'><strong>exstructae,</strong></span> <span class='ocrx_word' id='word_1_122' title='bbox 572 1963 713 2043; x_wconf 77' lang='lat' dir='ltr'><strong>equibus</strong></span> <span class='ocrx_word' id='word_1_123' title='bbox 736 1963 892 2033; x_wconf 81' lang='lat' dir='ltr'><strong>commode</strong></span> <span class='ocrx_word' id='word_1_124' title='bbox 909 1961 1104 2042; x_wconf 74' lang='lat' dir='ltr'><strong>prospiciebat</strong></span> <span class='ocrx_word' id='word_1_125' title='bbox 1124 1963 1263 2042; x_wconf 69' lang='lat' dir='ltr'><strong>populus«</strong></span> 
     </span>
     <span class='ocr_line' id='line_1_17' title="bbox 273 2057 1262 2139; baseline -0.002 -19"><span class='ocrx_word' id='word_1_126' title='bbox 273 2057 369 2137; x_wconf 80' lang='lat' dir='ltr'><strong>Super</strong></span> <span class='ocrx_word' id='word_1_127' title='bbox 381 2059 426 2119; x_wconf 84' lang='lat' dir='ltr'><strong>his</strong></span> <span class='ocrx_word' id='word_1_128' title='bbox 438 2059 576 2137; x_wconf 86' lang='lat' dir='ltr'><strong>gradibus</strong></span> <span class='ocrx_word' id='word_1_129' title='bbox 593 2062 677 2139; x_wconf 84' lang='lat' dir='ltr'><strong>(quos</strong></span> <span class='ocrx_word' id='word_1_130' title='bbox 696 2080 756 2125; x_wconf 89' lang='lat' dir='ltr'><strong>non</strong></span> <span class='ocrx_word' id='word_1_131' title='bbox 773 2060 895 2138; x_wconf 81' lang='lat' dir='ltr'><strong>emplius</strong></span> <span class='ocrx_word' id='word_1_132' title='bbox 907 2058 1074 2138; x_wconf 84' lang='lat' dir='ltr'><strong>quindecim</strong></span> <span class='ocrx_word' id='word_1_133' title='bbox 1087 2077 1153 2129; x_wconf 85' lang='lat' dir='ltr'><strong>esse</strong></span> <span class='ocrx_word' id='word_1_134' title='bbox 1166 2058 1262 2135; x_wconf 80' lang='lat' dir='ltr'><strong>conjo-</strong></span> 
     </span>
     <span class='ocr_line' id='line_1_18' title="bbox 273 2154 1262 2235; baseline -0.001 -20"><span class='ocrx_word' id='word_1_135' title='bbox 273 2155 375 2232; x_wconf 73' lang='lat' dir='ltr'><strong>einos)</strong></span> <span class='ocrx_word' id='word_1_136' title='bbox 387 2154 528 2215; x_wconf 83' lang='lat' dir='ltr'><strong>sedebant</strong></span> <span class='ocrx_word' id='word_1_137' title='bbox 538 2167 729 2235; x_wconf 83' lang='lat' dir='ltr'><strong>spectatores,</strong></span> <span class='ocrx_word' id='word_1_138' title='bbox 742 2165 772 2213; x_wconf 82' lang='lat' dir='ltr'><strong>et</strong></span> <span class='ocrx_word' id='word_1_139' title='bbox 788 2155 828 2212; x_wconf 88' lang='lat' dir='ltr'><strong>ad</strong></span> <span class='ocrx_word' id='word_1_140' title='bbox 840 2174 892 2216; x_wconf 88' lang='lat' dir='ltr'><strong>eos</strong></span> <span class='ocrx_word' id='word_1_141' title='bbox 903 2156 1105 2234; x_wconf 80' lang='lat' dir='ltr'><strong>undecumque</strong></span> <span class='ocrx_word' id='word_1_142' title='bbox 1117 2172 1262 2214; x_wconf 77' lang='lat' dir='ltr'><strong>commee-</strong></span> 
     </span>
     <span class='ocr_line' id='line_1_19' title="bbox 269 2239 1259 2322; baseline -0.002 -12"><span class='ocrx_word' id='word_1_143' title='bbox 269 2250 349 2322; x_wconf 85' lang='lat' dir='ltr'><strong>bnnt,</strong></span> <span class='ocrx_word' id='word_1_144' title='bbox 360 2239 440 2311; x_wconf 72' lang='lat' dir='ltr'><strong>nullo·</strong></span> <span class='ocrx_word' id='word_1_145' title='bbox 450 2251 524 2310; x_wconf 87' lang='lat' dir='ltr'><strong>inter</strong></span> <span class='ocrx_word' id='word_1_146' title='bbox 538 2251 794 2310; x_wconf 85' lang='lat' dir='ltr'><strong>conscendendum</strong></span> <span class='ocrx_word' id='word_1_147' title='bbox 807 2249 891 2308; x_wconf 86' lang='lat' dir='ltr'><strong>alteri</strong></span> <span class='ocrx_word' id='word_1_148' title='bbox 904 2270 1011 2310; x_wconf 85' lang='lat' dir='ltr'><strong>noxam</strong></span> <span class='ocrx_word' id='word_1_149' title='bbox 1030 2250 1178 2311; x_wconf 80' lang='lat' dir='ltr'><strong>efferente.</strong></span> <span class='ocrx_word' id='word_1_150' title='bbox 1217 2249 1259 2309; x_wconf 87' lang='lat' dir='ltr'><strong>Il-</strong></span> 
     </span>
     <span class='ocr_line' id='line_1_20' title="bbox 269 2338 1261 2427; baseline 0.001 -21"><span class='ocrx_word' id='word_1_151' title='bbox 269 2338 319 2408; x_wconf 83' lang='lat' dir='ltr'><strong>lue</strong></span> <span class='ocrx_word' id='word_1_152' title='bbox 331 2338 429 2408; x_wconf 82' lang='lat' dir='ltr'><strong>nutem</strong></span> <span class='ocrx_word' id='word_1_153' title='bbox 441 2367 495 2427; x_wconf 81' lang='lat' dir='ltr'><strong>per</strong></span> <span class='ocrx_word' id='word_1_154' title='bbox 506 2360 614 2408; x_wconf 81' lang='lat' dir='ltr'><strong>cuneos</strong></span> <span class='ocrx_word' id='word_1_155' title='bbox 627 2345 882 2423; x_wconf 83' lang='lat' dir='ltr'><strong>accedebant‚·qui</strong></span> <span class='ocrx_word' id='word_1_156' title='bbox 899 2354 961 2404; x_wconf 85' lang='lat' dir='ltr'><strong>tum</strong></span> <span class='ocrx_word' id='word_1_157' title='bbox 974 2346 1004 2404; x_wconf 92' lang='lat' dir='ltr'><strong>in</strong></span> <span class='ocrx_word' id='word_1_158' title='bbox 1016 2346 1075 2406; x_wconf 82' lang='lat' dir='ltr'><strong>ima</strong></span> <span class='ocrx_word' id='word_1_159' title='bbox 1091 2346 1197 2406; x_wconf 84' lang='lat' dir='ltr'><strong>theatri</strong></span> <span class='ocrx_word' id='word_1_160' title='bbox 1212 2364 1261 2407; x_wconf 81' lang='lat' dir='ltr'><strong>cs-</strong></span> 
     </span>
     <span class='ocr_line' id='line_1_21' title="bbox 271 2441 1262 2523; baseline 0.001 -21"><span class='ocrx_word' id='word_1_161' title='bbox 271 2461 336 2516; x_wconf 81' lang='lat' dir='ltr'><strong>vea,</strong></span> <span class='ocrx_word' id='word_1_162' title='bbox 347 2444 510 2504; x_wconf 78' lang='lat' dir='ltr'><strong>tumetium</strong></span> <span class='ocrx_word' id='word_1_163' title='bbox 520 2442 719 2523; x_wconf 84' lang='lat' dir='ltr'><strong>supruipsam,</strong></span> <span class='ocrx_word' id='word_1_164' title='bbox 733 2441 811 2502; x_wconf 84' lang='lat' dir='ltr'><strong>adeo</strong></span> <span class='ocrx_word' id='word_1_165' title='bbox 823 2441 972 2521; x_wconf 75' lang='lat' dir='ltr'><strong>ingeniose</strong></span> <span class='ocrx_word' id='word_1_166' title='bbox 984 2441 1155 2504; x_wconf 80' lang='lat' dir='ltr'><strong>conformati</strong></span> <span class='ocrx_word' id='word_1_167' title='bbox 1168 2454 1262 2515; x_wconf 82' lang='lat' dir='ltr'><strong>eraut,</strong></span> 
     </span>
     <span class='ocr_line' id='line_1_22' title="bbox 273 2539 1263 2621; baseline 0.001 -21"><span class='ocrx_word' id='word_1_168' title='bbox 273 2549 307 2602; x_wconf 81' lang='lat' dir='ltr'><strong>nt</strong></span> <span class='ocrx_word' id='word_1_169' title='bbox 321 2543 357 2600; x_wconf 88' lang='lat' dir='ltr'><strong>ab</strong></span> <span class='ocrx_word' id='word_1_170' title='bbox 371 2542 404 2601; x_wconf 88' lang='lat' dir='ltr'><strong>iis</strong></span> <span class='ocrx_word' id='word_1_171' title='bbox 417 2561 470 2621; x_wconf 88' lang='lat' dir='ltr'><strong>pet</strong></span> <span class='ocrx_word' id='word_1_172' title='bbox 480 2541 551 2600; x_wconf 84' lang='lat' dir='ltr'><strong>elios</strong></span> <span class='ocrx_word' id='word_1_173' title='bbox 560 2539 684 2601; x_wconf 80' lang='lat' dir='ltr'><strong>scolares</strong></span> <span class='ocrx_word' id='word_1_174' title='bbox 698 2539 805 2616; x_wconf 79' lang='lat' dir='ltr'><strong>grsdus</strong></span> <span class='ocrx_word' id='word_1_175' title='bbox 822 2540 861 2599; x_wconf 91' lang='lat' dir='ltr'><strong>ad</strong></span> <span class='ocrx_word' id='word_1_176' title='bbox 874 2539 1031 2618; x_wconf 86' lang='lat' dir='ltr'><strong>quemlibet</strong></span> <span class='ocrx_word' id='word_1_177' title='bbox 1045 2542 1168 2618; x_wconf 83' lang='lat' dir='ltr'><strong>gradum</strong></span> <span class='ocrx_word' id='word_1_178' title='bbox 1180 2559 1263 2621; x_wconf 77' lang='lat' dir='ltr'><strong>spec</strong></span> 
     </span>
     <span class='ocr_line' id='line_1_23' title="bbox 272 2635 1264 2715; baseline 0 -19"><span class='ocrx_word' id='word_1_179' title='bbox 272 2638 408 2696; x_wconf 85' lang='lat' dir='ltr'><strong>tatorium</strong></span> <span class='ocrx_word' id='word_1_180' title='bbox 420 2637 514 2696; x_wconf 87' lang='lat' dir='ltr'><strong>facilis</strong></span> <span class='ocrx_word' id='word_1_181' title='bbox 527 2646 643 2714; x_wconf 87' lang='lat' dir='ltr'><strong>pateret</strong></span> <span class='ocrx_word' id='word_1_182' title='bbox 656 2635 820 2696; x_wconf 84' lang='lat' dir='ltr'><strong>adscensus.</strong></span> <span class='ocrx_word' id='word_1_183' title='bbox 864 2635 948 2693; x_wconf 76' lang='lat' dir='ltr'><strong>Consi</strong></span> <span class='ocrx_word' id='word_1_184' title='bbox 958 2636 1191 2714; x_wconf 73' lang='lat' dir='ltr'><strong>spectaculorum</strong></span> <span class='ocrx_word' id='word_1_185' title='bbox 1211 2638 1264 2715; x_wconf 84' lang='lat' dir='ltr'><strong>(iu-</strong></span> 
     </span>
     <span class='ocr_line' id='line_1_24' title="bbox 226 2731 1262 2812; baseline 0.002 -21"><span class='ocrx_word' id='word_1_186' title='bbox 226 2772 230 2780; x_wconf 86' lang='lat'><em>·</em></span> <span class='ocrx_word' id='word_1_187' title='bbox 273 2732 338 2812; x_wconf 88' lang='lat' dir='ltr'><strong>quit</strong></span> <span class='ocrx_word' id='word_1_188' title='bbox 351 2733 510 2810; x_wconf 63' lang='lat' dir='ltr'><strong>Vitruvius)</strong></span> <span class='ocrx_word' id='word_1_189' title='bbox 525 2731 557 2791; x_wconf 87' lang='lat' dir='ltr'><strong>in</strong></span> <span class='ocrx_word' id='word_1_190' title='bbox 572 2732 688 2791; x_wconf 85' lang='lat' dir='ltr'><strong>theatro</strong></span> <span class='ocrx_word' id='word_1_191' title='bbox 699 2732 741 2791; x_wconf 89' lang='lat' dir='ltr'><strong>ita</strong></span> <span class='ocrx_word' id='word_1_192' title='bbox 753 2731 926 2803; x_wconf 84' lang='lat' dir='ltr'><strong>dividantur,</strong></span> <span class='ocrx_word' id='word_1_193' title='bbox 949 2732 992 2791; x_wconf 85' lang='lat' dir='ltr'><strong>uti</strong></span> <span class='ocrx_word' id='word_1_194' title='bbox 1012 2733 1111 2811; x_wconf 81' lang='lat' dir='ltr'><strong>auguli</strong></span> <span class='ocrx_word' id='word_1_195' title='bbox 1133 2733 1262 2812; x_wconf 69' lang='lat' dir='ltr'><strong>trigono·</strong></span> 
     </span>
     <span class='ocr_line' id='line_1_25' title="bbox 273 2816 1264 2910; baseline -0.002 -19"><span class='ocrx_word' id='word_1_196' title='bbox 273 2816 348 2901; x_wconf 80' lang='lat' dir='ltr'><strong>rum,</strong></span> <span class='ocrx_word' id='word_1_197' title='bbox 372 2829 423 2910; x_wconf 90' lang='lat' dir='ltr'><strong>qui</strong></span> <span class='ocrx_word' id='word_1_198' title='bbox 446 2835 565 2888; x_wconf 85' lang='lat' dir='ltr'><strong>currunt</strong></span> <span class='ocrx_word' id='word_1_199' title='bbox 587 2829 696 2889; x_wconf 84' lang='lat' dir='ltr'><strong>circuin</strong></span> <span class='ocrx_word' id='word_1_200' title='bbox 714 2836 896 2889; x_wconf 79' lang='lat' dir='ltr'><strong>curratmam</strong></span> <span class='ocrx_word' id='word_1_201' title='bbox 916 2826 1119 2906; x_wconf 77' lang='lat' dir='ltr'><strong>circinationis,</strong></span> <span class='ocrx_word' id='word_1_202' title='bbox 1140 2829 1264 2909; x_wconf 73' lang='lat' dir='ltr'><strong>dirigunt</strong></span> 
     </span>
     <span class='ocr_line' id='line_1_26' title="bbox 273 2923 1262 3004; baseline 0.001 -18"><span class='ocrx_word' id='word_1_203' title='bbox 273 2941 421 2999; x_wconf 80' lang='lat' dir='ltr'><strong>ascensus,</strong></span> <span class='ocrx_word' id='word_1_204' title='bbox 434 2927 583 3004; x_wconf 82' lang='lat' dir='ltr'><strong>scalasque</strong></span> <span class='ocrx_word' id='word_1_205' title='bbox 595 2926 671 2986; x_wconf 87' lang='lat' dir='ltr'><strong>inter</strong></span> <span class='ocrx_word' id='word_1_206' title='bbox 692 2935 802 2986; x_wconf 73' lang='lat' dir='ltr'><strong>cursem</strong></span> <span class='ocrx_word' id='word_1_207' title='bbox 821 2923 859 2983; x_wconf 86' lang='lat' dir='ltr'><strong>ad</strong></span> <span class='ocrx_word' id='word_1_208' title='bbox 875 2924 1000 3002; x_wconf 84' lang='lat' dir='ltr'><strong>primam</strong></span> <span class='ocrx_word' id='word_1_209' title='bbox 1016 2925 1262 3003; x_wconf 70' lang='lat' dir='ltr'><strong>precinctiouenr.</strong></span> 
     </span>
     <span class='ocr_line' id='line_1_27' title="bbox 273 3008 1263 3101; baseline 0.001 -19"><span class='ocrx_word' id='word_1_210' title='bbox 273 3008 370 3101; x_wconf 73' lang='lat' dir='ltr'><strong>supra</strong></span> <span class='ocrx_word' id='word_1_211' title='bbox 382 3027 480 3082; x_wconf 84' lang='lat' dir='ltr'><strong>sutem</strong></span> <span class='ocrx_word' id='word_1_212' title='bbox 494 3020 611 3082; x_wconf 87' lang='lat' dir='ltr'><strong>alternis</strong></span> <span class='ocrx_word' id='word_1_213' title='bbox 629 3021 780 3081; x_wconf 76' lang='lat' dir='ltr'><strong>itineribus</strong></span> <span class='ocrx_word' id='word_1_214' title='bbox 799 3021 962 3101; x_wconf 88' lang='lat' dir='ltr'><strong>superiores</strong></span> <span class='ocrx_word' id='word_1_215' title='bbox 981 3019 1066 3082; x_wconf 73' lang='lat' dir='ltr'><strong>cunei</strong></span> <span class='ocrx_word' id='word_1_216' title='bbox 1086 3023 1176 3082; x_wconf 87' lang='lat' dir='ltr'><strong>medii</strong></span> <span class='ocrx_word' id='word_1_217' title='bbox 1196 3022 1263 3083; x_wconf 87' lang='lat' dir='ltr'><strong>diri·</strong></span> 
     </span>
     <span class='ocr_line' id='line_1_28' title="bbox 271 3117 1263 3208; baseline 0.003 -31"><span class='ocrx_word' id='word_1_218' title='bbox 271 3125 389 3197; x_wconf 62' lang='lat' dir='ltr'><strong>gantur.</strong></span> <span class='ocrx_word' id='word_1_219' title='bbox 430 3117 525 3180; x_wconf 88' lang='lat' dir='ltr'><strong>Cunei</strong></span> <span class='ocrx_word' id='word_1_220' title='bbox 537 3118 569 3177; x_wconf 88' lang='lat' dir='ltr'><strong>in</strong></span> <span class='ocrx_word' id='word_1_221' title='bbox 580 3117 639 3179; x_wconf 87' lang='lat' dir='ltr'><strong>imo</strong></span> <span class='ocrx_word' id='word_1_222' title='bbox 649 3118 806 3198; x_wconf 80' lang='lat' dir='ltr'><strong>dirigentes</strong></span> <span class='ocrx_word' id='word_1_223' title='bbox 819 3117 949 3208; x_wconf 64' lang='lat' dir='ltr'><strong>scnlun&#39;s,</strong></span> <span class='ocrx_word' id='word_1_224' title='bbox 966 3128 1049 3178; x_wconf 81' lang='lat' dir='ltr'><strong>erunt</strong></span> <span class='ocrx_word' id='word_1_225' title='bbox 1060 3135 1184 3179; x_wconf 83' lang='lat' dir='ltr'><strong>numero</strong></span> <span class='ocrx_word' id='word_1_226' title='bbox 1196 3138 1263 3201; x_wconf 88' lang='lat' dir='ltr'><strong>sep·</strong></span> 
     </span>
     <span class='ocr_line' id='line_1_29' title="bbox 272 3213 1264 3295; baseline 0 -20"><span class='ocrx_word' id='word_1_227' title='bbox 272 3225 345 3275; x_wconf 78' lang='lat' dir='ltr'><strong>ten.</strong></span> <span class='ocrx_word' id='word_1_228' title='bbox 385 3215 501 3276; x_wconf 85' lang='lat' dir='ltr'><strong>Gradus</strong></span> <span class='ocrx_word' id='word_1_229' title='bbox 521 3214 764 3294; x_wconf 78' lang='lat' dir='ltr'><strong>spectaculorum,</strong></span> <span class='ocrx_word' id='word_1_230' title='bbox 782 3213 825 3273; x_wconf 89' lang='lat' dir='ltr'><strong>nti</strong></span> <span class='ocrx_word' id='word_1_231' title='bbox 837 3213 973 3274; x_wconf 82' lang='lat' dir='ltr'><strong>subsellia</strong></span> <span class='ocrx_word' id='word_1_232' title='bbox 993 3214 1162 3295; x_wconf 82' lang='lat' dir='ltr'><strong>composita,</strong></span> <span class='ocrx_word' id='word_1_233' title='bbox 1177 3225 1264 3275; x_wconf 79' lang='lat' dir='ltr'><strong>eruut</strong></span> 
     </span>
     <span class='ocr_line' id='line_1_30' title="bbox 274 3310 1263 3391; baseline 0 -20"><span class='ocrx_word' id='word_1_234' title='bbox 274 3328 334 3371; x_wconf 85' lang='lat' dir='ltr'><strong>non</strong></span> <span class='ocrx_word' id='word_1_235' title='bbox 343 3310 437 3371; x_wconf 89' lang='lat' dir='ltr'><strong>minus</strong></span> <span class='ocrx_word' id='word_1_236' title='bbox 451 3310 502 3370; x_wconf 82' lang='lat' dir='ltr'><strong>alti</strong></span> <span class='ocrx_word' id='word_1_237' title='bbox 511 3311 609 3390; x_wconf 84' lang='lat' dir='ltr'><strong>pulmo</strong></span> <span class='ocrx_word' id='word_1_238' title='bbox 621 3311 707 3391; x_wconf 86' lang='lat' dir='ltr'><strong>pede,</strong></span> <span class='ocrx_word' id='word_1_239' title='bbox 727 3331 790 3388; x_wconf 84' lang='lat' dir='ltr'><strong>non</strong></span> <span class='ocrx_word' id='word_1_240' title='bbox 799 3311 866 3391; x_wconf 84' lang='lat' dir='ltr'><strong>plus</strong></span> <span class='ocrx_word' id='word_1_241' title='bbox 878 3310 955 3391; x_wconf 83' lang='lat' dir='ltr'><strong>pede</strong></span> <span class='ocrx_word' id='word_1_242' title='bbox 969 3322 1000 3370; x_wconf 80' lang='lat' dir='ltr'><strong>et</strong></span> <span class='ocrx_word' id='word_1_243' title='bbox 1012 3310 1110 3391; x_wconf 76' lang='lat' dir='ltr'><strong>digitis</strong></span> <span class='ocrx_word' id='word_1_244' title='bbox 1119 3330 1184 3381; x_wconf 84' lang='lat' dir='ltr'><strong>ssx,</strong></span> <span class='ocrx_word' id='word_1_245' title='bbox 1198 3311 1263 3371; x_wconf 86' lang='lat' dir='ltr'><strong>lati-</strong></span> 
     </span>
     <span class='ocr_line' id='line_1_31' title="bbox 272 3406 1263 3487; baseline -0.002 -19"><span class='ocrx_word' id='word_1_246' title='bbox 272 3406 390 3468; x_wconf 87' lang='lat' dir='ltr'><strong>tudiues</strong></span> <span class='ocrx_word' id='word_1_247' title='bbox 398 3427 499 3466; x_wconf 92' lang='lat' dir='ltr'><strong>eorum</strong></span> <span class='ocrx_word' id='word_1_248' title='bbox 506 3407 732 3487; x_wconf 85' lang='lat' dir='ltr'><strong>nonpluspedes</strong></span> <span class='ocrx_word' id='word_1_249' title='bbox 738 3408 809 3467; x_wconf 91' lang='lat' dir='ltr'><strong>duos</strong></span> <span class='ocrx_word' id='word_1_250' title='bbox 817 3407 914 3478; x_wconf 86' lang='lat' dir='ltr'><strong>semis,</strong></span> <span class='ocrx_word' id='word_1_251' title='bbox 921 3427 981 3482; x_wconf 87' lang='lat' dir='ltr'><strong>non</strong></span> <span class='ocrx_word' id='word_1_252' title='bbox 988 3408 1083 3475; x_wconf 88' lang='lat' dir='ltr'><strong>miuus</strong></span> <span class='ocrx_word' id='word_1_253' title='bbox 1090 3408 1179 3487; x_wconf 87' lang='lat' dir='ltr'><strong>pedes</strong></span> <span class='ocrx_word' id='word_1_254' title='bbox 1188 3408 1263 3467; x_wconf 87' lang='lat' dir='ltr'><strong>duos</strong></span> 
     </span>
     <span class='ocr_line' id='line_1_32' title="bbox 269 3502 1265 3588; baseline -0.002 -24"><span class='ocrx_word' id='word_1_255' title='bbox 269 3502 534 3588; x_wconf 68' lang='lat' dir='ltr'><strong>constituebantur,</strong></span> <span class='ocrx_word' id='word_1_256' title='bbox 548 3512 582 3562; x_wconf 92' lang='lat' dir='ltr'><strong>ut</strong></span> <span class='ocrx_word' id='word_1_257' title='bbox 591 3523 644 3582; x_wconf 85' lang='lat' dir='ltr'><strong>per</strong></span> <span class='ocrx_word' id='word_1_258' title='bbox 654 3504 685 3562; x_wconf 91' lang='lat' dir='ltr'><strong>id</strong></span> <span class='ocrx_word' id='word_1_259' title='bbox 692 3505 817 3583; x_wconf 85' lang='lat' dir='ltr'><strong>spatium</strong></span> <span class='ocrx_word' id='word_1_260' title='bbox 830 3502 925 3575; x_wconf 87' lang='lat' dir='ltr'><strong>latius,</strong></span> <span class='ocrx_word' id='word_1_261' title='bbox 937 3523 989 3562; x_wconf 89' lang='lat' dir='ltr'><strong>seu</strong></span> <span class='ocrx_word' id='word_1_262' title='bbox 1001 3523 1054 3583; x_wconf 88' lang='lat' dir='ltr'><strong>per</strong></span> <span class='ocrx_word' id='word_1_263' title='bbox 1065 3502 1265 3565; x_wconf 74' lang='lat' dir='ltr'><strong>ambulacrum</strong></span> 
     </span>
     <span class='ocr_line' id='line_1_33' title="bbox 275 3585 1264 3683; baseline -0.001 -23"><span class='ocrx_word' id='word_1_264' title='bbox 275 3585 521 3683; x_wconf 38' lang='lat' dir='ltr'><strong>quoddaminullo</strong></span> <span class='ocrx_word' id='word_1_265' title='bbox 529 3599 657 3678; x_wconf 78' lang='lat' dir='ltr'><strong>negotio,</strong></span> <span class='ocrx_word' id='word_1_266' title='bbox 671 3598 727 3658; x_wconf 90' lang='lat' dir='ltr'><strong>huc</strong></span> <span class='ocrx_word' id='word_1_267' title='bbox 736 3589 824 3679; x_wconf 80' lang='lat' dir='ltr'><strong>atque</strong></span> <span class='ocrx_word' id='word_1_268' title='bbox 833 3599 914 3677; x_wconf 88' lang='lat' dir='ltr'><strong>illuc,</strong></span> <span class='ocrx_word' id='word_1_269' title='bbox 924 3593 963 3659; x_wconf 87' lang='lat' dir='ltr'><strong>ad</strong></span> <span class='ocrx_word' id='word_1_270' title='bbox 971 3619 1078 3660; x_wconf 82' lang='lat' dir='ltr'><strong>vacuus</strong></span> <span class='ocrx_word' id='word_1_271' title='bbox 1088 3600 1172 3659; x_wconf 89' lang='lat' dir='ltr'><strong>sedes</strong></span> <span class='ocrx_word' id='word_1_272' title='bbox 1180 3599 1264 3659; x_wconf 86' lang='lat' dir='ltr'><strong>deer-</strong></span> 
     </span>
     <span class='ocr_line' id='line_1_34' title="bbox 270 3693 1264 3780; baseline 0.001 -24"><span class='ocrx_word' id='word_1_273' title='bbox 270 3707 352 3757; x_wconf 83' lang='lat' dir='ltr'><strong>&#39;reret</strong></span> <span class='ocrx_word' id='word_1_274' title='bbox 360 3696 493 3776; x_wconf 89' lang='lat' dir='ltr'><strong>populus,</strong></span> <span class='ocrx_word' id='word_1_275' title='bbox 503 3695 612 3775; x_wconf 88' lang='lat' dir='ltr'><strong>absque</strong></span> <span class='ocrx_word' id='word_1_276' title='bbox 620 3693 927 3780; x_wconf 21' lang='lat' dir='ltr'><strong>eorum-incommodo,</strong></span> <span class='ocrx_word' id='word_1_277' title='bbox 935 3696 984 3771; x_wconf 90' lang='lat' dir='ltr'><strong>qui</strong></span> <span class='ocrx_word' id='word_1_278' title='bbox 989 3698 1051 3770; x_wconf 88' lang='lat' dir='ltr'><strong>jam</strong></span> <span class='ocrx_word' id='word_1_279' title='bbox 1060 3695 1264 3757; x_wconf 87' lang='lat' dir='ltr'><strong>consedissent.</strong></span> 
     </span>
     <span class='ocr_line' id='line_1_35' title="bbox 275 3788 1265 3872; baseline 0 -19"><span class='ocrx_word' id='word_1_280' title='bbox 275 3790 346 3853; x_wconf 87' lang='lat' dir='ltr'><strong>Post</strong></span> <span class='ocrx_word' id='word_1_281' title='bbox 358 3802 417 3852; x_wconf 87' lang='lat' dir='ltr'><strong>tres</strong></span> <span class='ocrx_word' id='word_1_282' title='bbox 430 3812 549 3872; x_wconf 87' lang='lat' dir='ltr'><strong>quoque</strong></span> <span class='ocrx_word' id='word_1_283' title='bbox 562 3791 690 3870; x_wconf 86' lang='lat' dir='ltr'><strong>singulos</strong></span> <span class='ocrx_word' id='word_1_284' title='bbox 698 3791 816 3870; x_wconf 78' lang='lat' dir='ltr'><strong>gradus,</strong></span> <span class='ocrx_word' id='word_1_285' title='bbox 826 3790 876 3870; x_wconf 91' lang='lat' dir='ltr'><strong>qui</strong></span> <span class='ocrx_word' id='word_1_286' title='bbox 893 3800 1010 3869; x_wconf 87' lang='lat' dir='ltr'><strong>quartus</strong></span> <span class='ocrx_word' id='word_1_287' title='bbox 1019 3788 1050 3848; x_wconf 91' lang='lat' dir='ltr'><strong>in</strong></span> <span class='ocrx_word' id='word_1_288' title='bbox 1060 3790 1192 3852; x_wconf 90' lang='lat' dir='ltr'><strong>ordinem</strong></span> <span class='ocrx_word' id='word_1_289' title='bbox 1200 3812 1265 3854; x_wconf 88' lang='lat' dir='ltr'><strong>suo·</strong></span> 
     </span>
    </p>
   </div>
   <div class='ocr_carea' id='block_1_3' title="bbox 174 3885 1265 3968">
    <p class='ocr_par' dir='ltr' id='par_1_3' title="bbox 174 3885 1265 3968">
     <span class='ocr_line' id='line_1_36' title="bbox 174 3885 1265 3968; baseline -0.002 -19"><span class='ocrx_word' id='word_1_290' title='bbox 174 3909 182 3920; x_wconf 73' lang='lat'><strong><em>‘</em></strong></span> <span class='ocrx_word' id='word_1_291' title='bbox 276 3887 412 3959; x_wconf 87' lang='lat' dir='ltr'><strong>cedebat,</strong></span> <span class='ocrx_word' id='word_1_292' title='bbox 424 3888 513 3968; x_wconf 89' lang='lat' dir='ltr'><strong>duplo</strong></span> <span class='ocrx_word' id='word_1_293' title='bbox 522 3887 607 3948; x_wconf 85' lang='lat' dir='ltr'><strong>latior</strong></span> <span class='ocrx_word' id='word_1_294' title='bbox 618 3896 681 3946; x_wconf 84' lang='lat' dir='ltr'><strong>eret</strong></span> <span class='ocrx_word' id='word_1_295' title='bbox 692 3888 816 3959; x_wconf 82' lang='lat' dir='ltr'><strong>caeteris,</strong></span> <span class='ocrx_word' id='word_1_296' title='bbox 827 3887 865 3945; x_wconf 90' lang='lat' dir='ltr'><strong>ad</strong></span> <span class='ocrx_word' id='word_1_297' title='bbox 875 3885 1013 3947; x_wconf 86' lang='lat' dir='ltr'><strong>leviorem</strong></span> <span class='ocrx_word' id='word_1_298' title='bbox 1021 3886 1125 3946; x_wconf 90' lang='lat' dir='ltr'><strong>theatri</strong></span> <span class='ocrx_word' id='word_1_299' title='bbox 1133 3888 1265 3967; x_wconf 82' lang='lat' dir='ltr'><strong>proclivi·</strong></span> 
     </span>
    </p>
   </div>
   <div class='ocr_carea' id='block_1_4' title="bbox 274 3975 1277 4454">
    <p class='ocr_par' dir='ltr' id='par_1_4' title="bbox 274 3975 1277 4454">
     <span class='ocr_line' id='line_1_37' title="bbox 275 3975 1265 4064; baseline -0.007 -19"><span class='ocrx_word' id='word_1_300' title='bbox 275 3991 376 4055; x_wconf 82' lang='lat' dir='ltr'><strong>tatem,</strong></span> <span class='ocrx_word' id='word_1_301' title='bbox 388 3975 419 4044; x_wconf 82' lang='lat' dir='ltr'><strong>et</strong></span> <span class='ocrx_word' id='word_1_302' title='bbox 428 3995 463 4043; x_wconf 88' lang='lat' dir='ltr'><strong>ut</strong></span> <span class='ocrx_word' id='word_1_303' title='bbox 475 3982 593 4064; x_wconf 85' lang='lat' dir='ltr'><strong>singulis</strong></span> <span class='ocrx_word' id='word_1_304' title='bbox 607 3982 757 4042; x_wconf 91' lang='lat' dir='ltr'><strong>ordinibus</strong></span> <span class='ocrx_word' id='word_1_305' title='bbox 767 3983 872 4063; x_wconf 89' lang='lat' dir='ltr'><strong>singuli</strong></span> <span class='ocrx_word' id='word_1_306' title='bbox 882 3994 941 4043; x_wconf 88' lang='lat' dir='ltr'><strong>tres</strong></span> <span class='ocrx_word' id='word_1_307' title='bbox 950 3981 1057 4062; x_wconf 86' lang='lat' dir='ltr'><strong>gradus</strong></span> <span class='ocrx_word' id='word_1_308' title='bbox 1066 3982 1265 4063; x_wconf 74' lang='lat' dir='ltr'><strong>relinqueres.</strong></span> 
     </span>
     <span class='ocr_line' id='line_1_38' title="bbox 274 4073 1277 4162; baseline 0.001 -24"><span class='ocrx_word' id='word_1_309' title='bbox 274 4089 333 4150; x_wconf 82' lang='lat' dir='ltr'><strong>tur.</strong></span> <span class='ocrx_word' id='word_1_310' title='bbox 364 4080 413 4140; x_wconf 88' lang='lat' dir='ltr'><strong>Ac</strong></span> <span class='ocrx_word' id='word_1_311' title='bbox 424 4100 462 4141; x_wconf 91' lang='lat' dir='ltr'><strong>ue</strong></span> <span class='ocrx_word' id='word_1_312' title='bbox 470 4078 610 4162; x_wconf 83' lang='lat' dir='ltr'><strong>petulanti</strong></span> <span class='ocrx_word' id='word_1_313' title='bbox 618 4088 669 4140; x_wconf 87' lang='lat' dir='ltr'><strong>sut</strong></span> <span class='ocrx_word' id='word_1_314' title='bbox 678 4079 812 4140; x_wconf 85' lang='lat' dir='ltr'><strong>insolenti</strong></span> <span class='ocrx_word' id='word_1_315' title='bbox 821 4082 927 4160; x_wconf 90' lang='lat' dir='ltr'><strong>populo</strong></span> <span class='ocrx_word' id='word_1_316' title='bbox 938 4073 1057 4160; x_wconf 84' lang='lat' dir='ltr'><strong>propter</strong></span> <span class='ocrx_word' id='word_1_317' title='bbox 1073 4081 1158 4140; x_wconf 87' lang='lat' dir='ltr'><strong>sedes</strong></span> <span class='ocrx_word' id='word_1_318' title='bbox 1173 4087 1277 4158; x_wconf 70' lang='lat' dir='ltr'><strong>quan-⁹</strong></span> 
     </span>
     <span class='ocr_line' id='line_1_39' title="bbox 274 4174 1266 4258; baseline 0.001 -24"><span class='ocrx_word' id='word_1_319' title='bbox 274 4174 381 4246; x_wconf 78' lang='lat' dir='ltr'><strong>tumvis</strong></span> <span class='ocrx_word' id='word_1_320' title='bbox 392 4195 512 4238; x_wconf 87' lang='lat' dir='ltr'><strong>accessu</strong></span> <span class='ocrx_word' id='word_1_321' title='bbox 518 4175 629 4248; x_wconf 84' lang='lat' dir='ltr'><strong>faciles,</strong></span> <span class='ocrx_word' id='word_1_322' title='bbox 642 4176 822 4255; x_wconf 72' lang='lat' dir='ltr'><strong>praeberetur</strong></span> <span class='ocrx_word' id='word_1_323' title='bbox 830 4178 903 4237; x_wconf 84' lang='lat' dir='ltr'><strong>rixae</strong></span> <span class='ocrx_word' id='word_1_324' title='bbox 911 4189 1010 4258; x_wconf 77' lang='lat' dir='ltr'><strong>eausa,</strong></span> <span class='ocrx_word' id='word_1_325' title='bbox 1019 4187 1137 4238; x_wconf 84' lang='lat' dir='ltr'><strong>cnutum</strong></span> <span class='ocrx_word' id='word_1_326' title='bbox 1150 4186 1214 4236; x_wconf 86' lang='lat' dir='ltr'><strong>erat</strong></span> <span class='ocrx_word' id='word_1_327' title='bbox 1226 4195 1266 4235; x_wconf 88' lang='lat' dir='ltr'><strong>ne</strong></span> 
     </span>
     <span class='ocr_line' id='line_1_40' title="bbox 274 4268 1266 4355; baseline 0.002 -23"><span class='ocrx_word' id='word_1_328' title='bbox 274 4271 396 4352; x_wconf 88' lang='lat' dir='ltr'><strong>quilibet</strong></span> <span class='ocrx_word' id='word_1_329' title='bbox 405 4273 617 4355; x_wconf 82' lang='lat' dir='ltr'><strong>inquibuslibet</strong></span> <span class='ocrx_word' id='word_1_330' title='bbox 626 4273 763 4334; x_wconf 81' lang='lat' dir='ltr'><strong>sederent</strong></span> <span class='ocrx_word' id='word_1_331' title='bbox 772 4268 927 4355; x_wconf 77' lang='lat' dir='ltr'><strong>gradibus:</strong></span> <span class='ocrx_word' id='word_1_332' title='bbox 951 4269 1146 4335; x_wconf 85' lang='lat' dir='ltr'><strong>sedintribus</strong></span> <span class='ocrx_word' id='word_1_333' title='bbox 1156 4274 1266 4355; x_wconf 60' lang='lat' dir='ltr'><strong>primia</strong></span> 
     </span>
     <span class='ocr_line' id='line_1_41' title="bbox 275 4361 1266 4454; baseline -0.003 -25"><span class='ocrx_word' id='word_1_334' title='bbox 275 4368 328 4450; x_wconf 82' lang='lat' dir='ltr'><strong>qui</strong></span> <span class='ocrx_word' id='word_1_335' title='bbox 334 4369 461 4450; x_wconf 85' lang='lat' dir='ltr'><strong>proximi</strong></span> <span class='ocrx_word' id='word_1_336' title='bbox 473 4379 571 4433; x_wconf 77' lang='lat' dir='ltr'><strong>essem</strong></span> <span class='ocrx_word' id='word_1_337' title='bbox 578 4391 676 4433; x_wconf 82' lang='lat' dir='ltr'><strong>sceuss</strong></span> <span class='ocrx_word' id='word_1_338' title='bbox 682 4370 808 4454; x_wconf 87' lang='lat' dir='ltr'><strong>pulpito,</strong></span> <span class='ocrx_word' id='word_1_339' title='bbox 818 4361 1000 4454; x_wconf 74' lang='lat' dir='ltr'><strong>amplissima</strong></span> <span class='ocrx_word' id='word_1_340' title='bbox 1012 4381 1042 4431; x_wconf 92' lang='lat' dir='ltr'><strong>et</strong></span> <span class='ocrx_word' id='word_1_341' title='bbox 1053 4380 1192 4431; x_wconf 79' lang='lat' dir='ltr'><strong>extrsmae</strong></span> <span class='ocrx_word' id='word_1_342' title='bbox 1201 4370 1266 4451; x_wconf 77' lang='lat' dir='ltr'><strong>dig.</strong></span> 
     </span>
    </p>
   </div>
   <div class='ocr_carea' id='block_1_5' title="bbox 0 0 1464 4950">
    <p class='ocr_par' dir='ltr' id='par_1_5' title="bbox 0 0 1464 4950">
     <span class='ocr_line' id='line_1_42' title="bbox 0 0 1464 4950; baseline 0 0"><span class='ocrx_word' id='word_1_343' title='bbox 0 0 1464 4950; x_wconf 95' lang='lat' dir='ltr'><strong> </strong></span> 
     </span>
    </p>
   </div>
  </div>
 </body>
</html>
