2917 4950
184 984 247 1045 JO.
279 982 513 1045 CALPURNII
541 983 787 1046 BRIXIENSIS
812 984 904 1045 v11t1
933 984 1184 1048 CLARISSIMI

526 1292 551 1337 r».
568 1290 668 1362 suxit
684 1288 847 1337 uernum

270 1479 769 1540 HEAU'I'ONTIMORUMENON
791 1480 1103 1557 PROLBGQMENA.

636 1694 732 1729 ’φ

230 1880 330 1941 HAEC
341 1881 450 1959 fabula,
462 1881 623 1943 Menandri
635 1882 764 1947 Graeca:
785 1903 851 1965 qum
862 1884 1186 1946 factaa'l’erentioLs·

190 1978 260 2051 tina,
281 1998 390 2040 nomen
407 1976 485 2040 idem
503 1981 675 2053 observavit,
696 2002 736 2041 ne
755 1982 856 2042 Graeci
870 1981 992 2042 nominis
1012 1981 1186 2062 euphoniam

190 2076 344 2157 perderet:
369 2076 448 2157 quod
470 2077 627 2139 Terentius
647 2079 744 2140 minus
763 2079 858 2140 laudis
878 2078 1051 2139 existimavit
1070 2078 1189 2159 propria

191 2174 331 2248 scribere,
351 2195 440 2255 quam
460 2174 571 2237 Groeca
589 2176 757 2238 transferre·
787 2175 905 2237 Nomen
923 2176 1014 2236 habet
1031 2194 1135 2236 a-sene
1154 2194 1189 2235 se

189 2273 285 2354 ipsum
298 2274 489 2334 excruciante
505 2275 543 2334 ob
556 2272 609 2333 filii
623 2273 802 2335 absentiam:
824 2293 913 2355 quem
932 2283 1088 2345 ementem,
1109 2273 1188 2332 duri·

190 2370 233 2432 tin
244 2390 298 2433 sun
309 2372 341 2431 in
353 2372 486 2432 militiam
493 2371 639 2452 proficisci
650 2372 847 2452 compulerat:
868 2370 966 2431 ἑαυτὸν
979 2369 1189 2450 τιμωρούμενος,

190 2468 306 2543 Latine,
321 2490 353 2530 se
372 2470 466 2551 ipsum
477 2470 650 2532 excrucians
665 2471 881 2549 interpretatur.
913 2463 991 2526 Illud
1008 2465 1188 2555 animadvers

190 2568 323 2640 :endumg
344 2588 445 2628 omnes
459 2568 648 2630 Terentianus
667 2568 783 2630 fabulas
803 2585 842 2625 ex
861 2574 984 2643 utroque
999 2582 1109 2642 genere
1121 2563 1190 2623 mis.

189 2673 244 2738 tas,
265 2676 373 2744 praeter
385 2665 472 2725 hauc.
514 2665 592 2726 Nam
606 2663 759 2726 comoediae
773 2663 1047 2732 sarantasmum,
1067 2671 1119 2722 aut
1132 2670 1190 2719 ate·

191 2763 280 2834 tan'ce,
301 2765 457 2823 autmistoe.
488 2763 634 2836 Motoriae,
648 2760 843 2822 turbulentae:
865 2755 1001 2829 stataria,
1016 2755 1171 2836 quietiores
1182 2763 1195 2816 ε·

190 2858 293 2931 miste,
313 2878 353 2919 ex
364 2927 365 2930 Ἴ
375 2870 500 2939 utroque
514 2846 584 2921 actu
598 2860 801 2920 consistentes.
822 2855 860 2913 In
872 2855 940 2928 hac,
953 2875 1020 2934 quae
1033 2853 1191 2933 plurimum

192 2953 319 3016 delectat
328 2966 360 3015 et
371 2967 440 3015 ectu
450 2967 482 3015 et
492 2956 567 3027 stilo,
581 2957 683 3036 primm
690 2964 788 3034 partes
798 2963 866 3012 sunt
876 2951 1049 3013 Menedemi
1057 2962 1089 3012 et
1099 2951 1192 3012 Chre·

192 3051 295 3111 metis:
306 3052 443 3112 secundm
452 3052 557 3113 Cliniae
568 3064 599 3112 et
610 3050 799 3132 Clitiphonis:
814 3047 909 3109 tertiae
919 3047 1001 3130 Syri:
1014 3057 1045 3112 et
1058 3049 1101 3109 sic
1110 3048 1192 3108 dein·

192 3166 272 3227 ceps.
287 3147 367 3212 Haec
379 3150 477 3222 etiam,
493 3160 526 3208 ut
539 3160 666 3221 caeterae,
681 3147 810 3228 quinque
823 3156 905 3207 actus
917 3145 1018 3218 habet,
1038 3144 1194 3225 prologum
1220 3157 1234 3182 ·

196 3242 395 3303 concitatum·
426 3242 505 3303 Nam
519 3253 557 3318 1et
577 3263 608 3303 se
628 3260 744 3324 purgat,
766 3255 797 3305 et
811 3244 842 3303 in
862 3241 1001 3303 laedendis
1024 3242 1196 3303 adversariis

194 3350 240 3403 est
260 3350 430 3419 occupatus.
473 3339 690 3419 Argumentum
710 3362 827 3421 quoque
847 3360 907 3401 non
928 3339 1064 3420 simplicis
1083 3338 1199 3418 negotii
1264 3377 1266 3380 ·

192 3437 294 3510 habet,
316 3456 372 3497 nec
391 3436 476 3496 unius
490 3437 694 3511 adolescentis,
716 3450 750 3499 ut
769 3439 800 3497 in
818 3438 958 3518 Hecyra:
985 3437 1040 3497 sed
1060 3436 1194 3507 duonum,

195 3545 229 3595 ut
241 3534 277 3614 in¹
287 3534 402 3595 ceteris
414 3525 537 3595 fabulis.'
1154 3522 1156 3526 ¹
