2917 4950
454 351 573 421 Act.
595 353 641 420 V.
674 350 854 419 SCENA
877 351 928 418 II.

858 183 865 210 l

1156 356 1221 423 281

168 543 260 609 Cura
271 542 516 610 asservandum
527 543 673 624 victum3
696 540 944 627 atqueaudiu’t
967 542 1221 628 quadrupedem

297 655 531 736 constringite.

165 766 240 850 Age
255 785 346 832 nuuc
357 768 454 852 jam3
474 786 539 850 ego
553 767 613 850 pol
627 765 743 844 hodie,
760 766 790 830 si
805 767 898 845 vivo,
912 766 976 832 tibi
1176 774 1218 833 25

167 877 365 956 Ostendam,
380 877 498 942 herum
513 877 595 961 quid
610 877 656 942 sit
669 878 791 962 pericli
804 878 939 960 fallere3

165 989 210 1053 Et
223 989 286 1067 illi,
300 995 442 1073 patrem.
466 987 506 1053 C.
521 986 588 1066 Ali,
601 1008 644 1052 ue
657 991 745 1055 saevi
755 993 941 1072 tantopere.
963 988 1001 1054 S.
1016 986 1048 1053 0
1063 987 1217 1068 Chreme,

164 1099 332 1165 Pietatem
347 1099 457 1183 gnati!
478 1118 589 1163 noune
603 1105 637 1163 te
651 1098 791 1165 miseret
803 1101 895 1165 mei't

163 1210 311 1276 Tantum
323 1211 474 1275 laborem
489 1230 612 1294 capere
627 1211 673 1274 ob
686 1210 789 1275 talem
804 1211 936 1275 liliuml
969 1301 972 1304 .

164 1318 240 1407 Age
255 1307 445 1406 Pamphile,
461 1321 519 1387 cxi
534 1320 726 1405 Pamphile,
741 1321 865 1406 ecquid
879 1327 913 1387 te
927 1323 1058 1406 pudett
1130 1317 1135 1326 '
1174 1331 1217 1388 30

195 1481 333 1529 commatum
353 1480 457 1544 reddam]
476 1482 508 1529 Η.
520 1497 542 1529 e.
563 1497 664 1531 cammo-

162 1555 331 1611 retroducitur,
342 1570 371 1601 ue
389 1554 515 1602 animosis
535 1554 619 1612 otioso,
638 1562 664 1603 ut

165 1629 245 1675 Davus
257 1645 279 1676 r.
291 1632 314 1675 1.
333 1628 432 1675 dixerat.
443 1628 469 1675 iu
483 1629 571 1675 Heaut.
582 1630 627 1677 IV.
637 1634 662 1679 4.

164 1704 187 1749 8.
204 1700 329 1757 dormiunt,
344 1700 382 1762 pot
398 1716 438 1764 ego
455 1702 506 1748 istus
524 1703 663 1750 omunwuebo.

193 1848 226 1893 24
244 1845 428 1909 Quadrupedem]
454 1848 539 1894 Utrum
557 1847 663 1907 ligature

162 1933 233 1979 mnus
244 1919 279 1964 sie
295 1917 390 1982 dicitur,
408 1919 552 1981 quadrupes?
568 1934 596 1965 au
607 1934 664 1980 quu-

161 1989 429 2050 drupedem,utfera1ui
445 2007 474 2038 ao
481 1993 664 2053 quadrupedem,

159 2060 184 2108 id
207 2068 244 2109 est
263 2063 433 2124 compedibus
454 2072 478 2112 et
496 2064 612 2111 munibus?
633 2079 662 2111 an

161 2135 342 2195 quadrupedem,
360 2151 404 2196 pro
425 2151 496 2184 cervo
515 2151 542 2183 so
563 2136 662 2198 fugitivo

161 2206 255 2266 posuit?
280 2207 319 2253 Sic
340 2207 424 2270 virgil.
450 2208 506 2255 AEn.
528 2209 586 2255 Vll.
604 2210 661 2256 500.

159 2281 247 2327 sauciras
264 2287 288 2326 at
307 2280 434 2343 quadrupes
448 2290 501 2329 uota
521 2284 586 2329 iutra
604 2288 663 2329 tecta

159 2350 253 2416 effugit.
287 2352 447 2416 Corutringito]
464 2354 534 2400 Mire.
556 2369 585 2400 ue
605 2355 662 2415 quid

160 2424 199 2471 fiat
218 2425 333 2486 tragicum
350 2425 375 2471 io
394 2425 516 2482 comoedia,
538 2441 612 2488 usque
632 2428 662 2474 sd

160 2498 251 2545 vincula
262 2498 296 2545 ira
306 2499 453 2561 progreditur
464 2516 469 2545 :
486 2499 662 2560 necquicquam

159 2576 232 2619 tentat
242 2571 341 2618 ulterius
352 2570 460 2636 (uterque
470 2572 531 2619 liber
540 2573 610 2633 legit:
622 2589 662 2621 nea

159 2645 274 2707 quicqum
284 2651 364 2701 rescat,
373 2659 401 2692 ue
414 2659 522 2707 proquam
536 2645 615 2692 tendat
624 2645 662 2693 ut-

159 2717 251 2781 terius).
272 2708 305 2764 D.

192 2787 364 2851 Quadrupedem
383 2791 539 2857 amuringito]
551 2793 606 2840 Hoc
618 2800 661 2850 est,

160 2860 191 2908 ita
201 2878 253 2910 eum
263 2861 300 2928 (et
309 2862 397 2928 nodis),
404 2871 428 2911 et
436 2864 534 2911 vinculis
543 2865 661 2926 colligato,

160 2942 185 2982 ut
193 2937 367 2997 quadrupedem
381 2936 478 3002 (facias)
486 2954 538 2984 cum
549 2940 599 2998 ejus
613 2953 662 2985 mu·

159 3024 201 3058 uus
218 3016 376 3058 retrovertens
396 3013 534 3073 compedum
554 3011 662 3072 ligaturis

160 3084 252 3141 efficias,
267 3082 336 3146 quasi
345 3085 526 3146 quadrupedem.
560 3084 661 3141 Quidam

159 3157 293 3206 ducaliter:
310 3157 378 3218 quasi
398 3157 504 3205 domiuus
520 3156 661 3204 iracundiam

159 3246 223 3278 suam
233 3229 384 3286 derivaverit,
394 3237 419 3277 ot
434 3230 482 3277 leui
492 3245 551 3277 roos
565 3230 661 3286 dixerit,

157 3310 238 3351 utnon
260 3304 345 3364 ipsum,
365 3304 407 3349 sed
422 3304 551 3364 jumentum
568 3303 661 3364 aliquod

159 3376 245 3438 alliget
263 3377 295 3422 Et
302 3374 435 3422 confirmant
445 3390 476 3421 ex
486 3389 522 3431 eo,
533 3375 595 3436 quod
606 3391 661 3422 eou-

159 3447 265 3511 querenti
283 3448 414 3509 Pamphilo,
428 3463 474 3494 uon
490 3455 553 3494 recte
567 3448 660 3495 Davum

158 3524 270 3580 vinctum,
291 3521 413 3583 respondit
432 3522 511 3569 Simo:
540 3519 603 3568 haud
625 3523 660 3569 ito

151 3597 221 3656 jussi,
230 3595 272 3641 sed
281 3593 387 3656 superior
395 3609 475 3641 seusus
486 3601 523 3641 est
532 3593 623 3642 melior.
630 3594 659 3641 D.

191 3667 363 3728 Quadrupedem
376 3666 529 3730 cmuringita]
546 3668 580 3714 Η.
589 3682 610 3714 e.
627 3666 661 3715 ita

159 3758 211 3793 eum
218 3741 380 3802 constringito,
391 3747 417 3787 ut
422 3738 495 3787 instar
504 3741 661 3804 quadrupedis

158 3817 265 3864 manilius
281 3814 426 3876 pedibusque
441 3813 561 3871 consistat,
582 3814 660 3875 capite

157 3888 274 3950 lignorum
284 3888 387 3949 pondere
396 3886 421 3934 in
437 3893 522 3934 terram
533 3886 659 3948 depress03

158 3967 194 4007 est
201 3975 276 4020 genus
288 3958 406 4021 supplicii,
415 3960 479 4020 quod
494 3958 569 4007 Attici
588 3970 659 4021 eveo·

157 4032 229 4095 sirpus
238 4040 330 4079 vocant.
344 4048 367 4080 v.
379 4033 457 4081 Schol.
468 4033 494 4080 iu
508 4032 658 4094 Aristophan.

160 4106 224 4154 Plut.
231 4107 262 4153 V.
271 4108 312 4154 76.
325 4104 358 4153 R.
368 4106 399 4152 D.

191 4180 223 4230 25
239 4179 265 4227 Si
272 4177 332 4242 uiuo]
349 4177 398 4237 Qui
409 4186 473 4228 certa
478 4177 562 4229 minari
570 4177 659 4235 volunt,

159 4409 216 4447 vot·
234 4413 254 4446 1.

713 1482 825 1531 incertam
834 1482 920 1531 faciuut
930 1482 1000 1530 vitam
1010 1498 1081 1531 suam.
1095 1482 1127 1529 D.

711 1589 722 1604 .-
746 1560 779 1606 26
795 1556 883 1603 Herum
900 1556 955 1617 quid
967 1557 1006 1602 ⁴sit
1021 1556 1101 1615 periali
1115 1552 1214 1618 follere]

713 1627 805 1675 Herum
815 1635 839 1675 et
847 1636 936 1690 patrem
945 1643 997 1674 cum
1010 1628 1098 1689 ingenti
1112 1642 1215 1690 pronun·

712 1699 814 1748 oiatione
822 1701 892 1748 dixit.
925 1702 958 1747 Et
968 1699 1033 1757 alibi,
1043 1716 1096 1747 uam
1106 1701 1144 1761 qui
1154 1715 1215 1746 merr-

711 1774 760 1829 tiri,
769 1772 898 1836 autfatlere
907 1774 1001 1820 insuerit
1008 1781 1103 1833 patrem,
1113 1779 1156 1819 cut
1166 1773 1215 1819 Au-

712 1844 849 1903 debit‚tunto
859 1847 930 1907 magis
940 1846 1030 1892 audebit
1039 1852 1133 1891 ceteras.
1150 1846 1180 1890 D.

746 1918 810 1978 Lege
820 1917 976 1965 commodiore
987 1916 1077 1972 ordino,
1093 1917 1214 1973 ostendam,

712 1990 767 2052 quid
778 1990 856 2037 lterum
864 1990 952 2046 sit,&u.
962 1992 990 2038 B.

746 2065 778 2109 27
795 2061 831 2110 Ne
847 2065 898 2111 saeai
916 2062 1040 2126 tantopere]
1059 2060 1102 2118 Ne,
1115 2060 1214 2122 impers-

712 2134 762 2183 tiro
773 2136 847 2197 magis
863 2152 931 2198 quum
950 2135 1098 2197 conjunctivo
1108 2135 1216 2197 adjungi·

712 2213 757 2256 tur.
777 2216 804 2256 ut
825 2209 891 2270 virg.
910 2208 1134 2259 dimitterem
1154 2208 1215 2265 utri,

711 2296 795 2345 magua
804 2283 909 2329 aarum.
928 2282 960 2327 D.
1139 2291 1141 2296 ·

752 2354 789 2402 At
811 2369 839 2401 ae
857 2354 919 2417 soeai]
946 2353 1058 2400 Priscian.
1079 2353 1132 2399 libr.
1154 2354 1213 2402 vl1.

711 2426 788 2473 Plaut.
813 2425 926 2473 Bacchid.
935 2427 983 2473 111.
994 2430 1018 2474 2.
1028 2428 1052 2471 4.
1074 2424 1155 2472 teucer
1174 2429 1213 2488 qui

710 2502 811 2558 acuunt,
837 2502 926 2561 sapiunt
954 2501 1033 2562 aragia.
1065 2499 1164 2545 Servius
1187 2498 1212 2545 in

711 2573 806 2622 AEueid.
819 2575 863 2623 vl.
875 2574 993 2623 ⁵44-1a
1002 2572 1061 2627 seui,
1078 2586 1161 2635 magere
1176 2588 1212 2619 sa-

710 2648 791 2696 cerdos.
810 2650 840 2696 L.

744 2719 781 2766 Ne
790 2723 840 2769 seui
849 2719 973 2783 tantopere]
990 2720 1022 2767 Η.
1035 2734 1057 2765 e.
1068 2733 1103 2781 oq
1114 2716 1211 2765 nimium

709 2792 912 2841 irascaris.Plaut.
923 2793 949 2839 iu
963 2791 1075 2840 Bacchid.
1090 2793 1138 2838 111.
1154 2794 1178 2839 3.
1185 2797 1210 2839 4.

710 2866 1042 2928 lmitnquisoeaiuat,sapiuut
1061 2864 1139 2927 magu.
1172 2865 1212 2912 Sic

710 2939 871 2987 saeausdicitur
880 2953 923 3001 pro
933 2939 1001 2994 irato,
1009 2943 1036 2984 ut
1045 2938 1068 2984 iu
1077 2938 1168 2984 Phorm.
1181 2938 1211 2985 V.

711 3014 734 3058 1.
745 3013 784 3057 17.
797 3028 820 3058 v.
831 3013 910 3058 Burm.
920 3011 950 3057 ad
959 3010 1032 3057 Ovid.
1043 3013 1095 3057 Art.
1106 3010 1211 3058 Amator.

709 3085 730 3132 l.
744 3087 784 3131 18.
801 3086 830 3130 R.
844 3086 875 3131 D.

744 3160 776 3205 ΞΒ
793 3156 901 3204 Pietatem
913 3156 991 3221 gnate]
1005 3152 1125 3214 Ἐλλειψις.
1144 3157 1213 3204 deest

711 3227 774 3276 euim
791 3230 858 3286 uides,
879 3236 919 3277 aut
944 3230 1001 3291 quid
1025 3229 1079 3276 talo.
1118 3231 1150 3277 Et
1176 3236 1213 3278 est

711 3300 808 3362 rigante,
817 3292 861 3363 pro
869 3302 997 3363 impietate.
1032 3302 1064 3350 Et
1081 3301 1137 3348 vide
1151 3301 1212 3349 invi·

710 3374 781 3431 diam,
792 3375 857 3436 quusi
868 3375 1007 3436 parricidam
1017 3374 1153 3421 accusantis.
1166 3389 1212 3420 nou

709 3446 771 3493 euim
779 3448 890 3508 pudorem
901 3447 972 3504 dixit,
982 3448 1024 3494 sed
1035 3446 1153 3508 pietatem.
1163 3448 1196 3493 D.

743 3518 840 3567 AEtatem
846 3520 924 3585 guoti]
942 3523 975 3568 H.
985 3537 1006 3568 e.
1019 3521 1101 3566 ubiest
1109 3519 1151 3565 lilii
1161 3521 1212 3581 pie·

710 3599 754 3648 tas,
762 3608 829 3653 quam
840 3601 961 3653 tantopere
970 3592 1076 3654 iactavit.
1094 3593 1123 3638 li.
1134 3592 1166 3639 D.

742 3668 775 3714 29
787 3663 884 3713 Tantum
892 3667 987 3713 taicum
996 3664 1084 3728 capere]
1094 3662 1211 3724 Σύλληψις.

708 3741 871 3786 asmmendum
889 3746 926 3786 est
946 3739 1008 3786 euim
1026 3738 1213 3786 extrinsecum

708 3810 755 3876 (W
756 3812 900 3859 esterliorius
909 3811 988 3859 additu
995 3813 1073 3866 habet,
1083 3813 1125 3858 sed
1131 3811 1212 3859 nescio

709 3885 786 3944 uude;
802 3883 870 3940 labar,
879 3885 1023 3946 promcleuia
1033 3883 1074 3949 Z.)
1091 3886 1123 3931 D.

743 3955 841 4004 Tamum
848 3958 942 4005 hierem
951 3958 1039 4020 capere]
1056 3957 1151 4005 Scilicet
1163 3973 1212 4014 rue,

708 4029 770 4091 quod
788 4032 950 4078 assumendum
970 4038 1052 4078 estex
1069 4031 1212 4094 precedenti

707 4105 791 4151 mur.
803 4107 843 4153 28.
855 4105 973 4151 v.Donat.
985 4105 1016 4150 ad
1030 4104 1053 4150 li.
1066 4103 1083 4149 l.
1102 4109 1127 4151 et
1145 4104 1211 4153 dou.

708 4178 739 4224 sd
750 4176 845 4226 Sallust.
855 4175 926 4226 catil.
934 4192 955 4227 a.
966 4178 1006 4228 52.
1021 4176 1053 4226 R.
1063 4178 1095 4225 D.

664 4399 709 4443 zu
