2917 4950
406 418 603 487 cleron.
624 416 689 483 Du
707 420 959 482 COMOEDIA.
1114 425 1181 484 laiii
1300 459 1302 461 >

187 605 310 679 bidom,
324 605 459 664 statium
476 623 495 664 a
512 602 625 663 datiois
637 604 668 661 in
681 602 834 682 praesmtia
849 603 1023 661 celebretur.
1063 602 1178 665 Verus·

187 713 286 763 tamen
297 718 355 780 ego
369 702 541 762 comoefflam
558 702 697 761 Graecum
717 718 782 759 csse
798 699 950 758 isrvcutum
970 701 1087 761 minime
1102 704 1196 764 arbi:

189 809 271 857 tror:
291 816 388 877 aeque
403 798 447 878 (ut
466 796 593 858 Thomas
613 798 766 877 Magister,
787 806 904 855 etcum
922 797 1026 868 secati
1046 796 1179 860 nidenan

190 894 343 971 estimare>
364 896 402 955 ab
425 895 562 974 agricolis
585 895 691 955 civium
710 892 828 968 injurias
848 895 1093 974 conquerentibus
1114 915 1179 958 esse

191 992 358 1051 derivatam.
400 993 469 1051 Hoc
487 1010 593 1071 nempe
614 984 732 1052 msam
743 991 914 1070 asperitatis,
929 1003 961 1051 et
977 991 1181 1070 jargicramiu

194 1089 294 1150 Veteri
313 1089 456 1148 comoedit
476 1090 592 1149 reddit:
619 1108 706 1169 quam
728 1106 800 1147 mox
822 1089 876 1168 ipsi
900 1089 987 1168 longe
1008 1089 1094 1149 aliam
1115 1104 1180 1150 esse

29 1140 30 1171 ἰ
119 1264 122 1271 ¹
188 1180 375 1245 docebimus:
396 1200 492 1263 nequa
505 1186 621 1246 videtur
635 1186 803 1267 quicquam,
824 1197 858 1244 ut
876 1206 953 1257 reor,
972 1188 1010 1246 ad
1032 1187 1181 1247 comoeda

189 1281 347 1360 primordia
364 1279 528 1360 pertinere:
551 1282 686 1363 quoniam
711 1282 860 1362 Orpheus,
884 1302 973 1361 quem
993 1295 1108 1342 constat
1126 1304 1181 1362 per

189 1389 308 1438 cescum
329 1379 450 1457 amplius
468 1393 561 1441 anuos
590 1390 657 1440 ante
680 1381 800 1455 Troiani
820 1379 891 1439 belli
914 1391 1045 1459 tempora
1063 1378 1178 1452 vixisse,

195 1476 248 1533 sub
260 1472 462 1535 Laomedonte
478 1476 601 1547 scilicet,
621 1495 657 1536 ac
672 1477 794 1537 Athenis
807 1476 904 1555 AEgeo
918 1477 1088 1556 imperante,
1101 1477 1181 1536 Bac-

189 1571 237 1628 chi
250 1572 388 1650 mysteria
401 1574 437 1631 ab
453 1573 599 1652 AEgyptiis
611 1574 715 1634 tralata
727 1574 786 1632 suis
804 1574 1019 1635 Thracensibus
1033 1573 1180 1633 iudicarit.

194 1668 285 1746 Atqui
298 1667 457 1739 comoediae,
473 1669 718 1748 quemadmodum
728 1670 817 1729 ,idem
837 1670 938 1728 asserit
953 1670 1090 1741 Thomas,
1104 1670 1180 1730 veris

189 1775 323 1843 tempore
350 1765 380 1823 in
406 1762 638 1827 Bacchanalibus
661 1767 833 1844 agebantur.
881 1766 971 1825 Unde
993 1767 1080 1826 etiam
1102 1767 1181 1846 apud

194 1861 342 1922 Romanos
369 1881 420 1922 ara
442 1862 551 1923 Libero
569 1864 646 1943 patri
667 1880 751 1922 sacra
777 1863 808 1920 in
835 1862 938 1921 dextro
959 1863 1050 1922 latere
1072 1880 1179 1934 scenae,

194 1960 437 2037 quemadmodum
450 1961 641 2032 aitDooatus,
653 1960 699 2020 vel
707 1960 875 2031 orchestra,
890 1970 924 2018 ut
937 1960 1051 2031 Pollux,
1066 1976 1180 2038 semper

190 2056 365 2135 erigebatur,
380 2057 461 2135 quod
473 2059 633 2117 maximum
647 2066 692 2116 est
704 2067 916 2135 argumentum,
936 2076 955 2116 a
973 2056 1085 2117 Bacchi
1102 2076 1181 2137 mys

189 2154 269 2213 teriia
284 2173 370 2213 omna
383 2153 544 2213 fabularum
565 2174 657 2233 genus
671 2172 738 2215 esse
753 2153 945 2232 depromtum.
986 2153 1025 2212 Id
1039 2154 1180 2214 Horatius

189 2251 290 2324 innuit,
311 2272 402 2332 quum
422 2262 615 2330 spectatorem
639 2261 669 2310 et
691 2252 779 2310 sacris
799 2252 944 2321 functum,
969 2260 999 2310 et
1012 2261 1114 2330 potum
1127 2270 1179 2331 ap·

190 2347 291 2426 pellat.
336 2349 395 2407 Par
412 2357 456 2407 est
475 2348 561 2426 igitur
578 2348 718 2417 arbitrari,
730 2347 823 2426 prima
839 2347 991 2405 comoemae
1005 2348 1115 2407 senuna
1126 2367 1180 2426 per
1204 2373 1207 2380 ·

193 2444 343 2525 Orpheum
355 2447 393 2506 ab
412 2445 543 2525 AEgypto
557 2445 588 2504 in
606 2444 754 2506 Graeciam
767 2443 856 2503 fuisse
871 2442 985 2502 delata:
1006 2444 1085 2503 unde
1101 2463 1181 2504 ccm-

191 2544 344 2623 pluranon
358 2543 495 2623 Orpheus
509 2544 605 2613 modo,
620 2551 762 2602 verumet
775 2539 1049 2616 aliitranstulerunt.
1092 2541 1179 2599 Cele-

191 2641 257 2701 bres
270 2641 348 2700 enim
358 2650 441 2699 eraut
451 2630 653 2699 et‘Phcenic'iae
662 2638 754 2696 literae
767 2635 894 2698 nondum
908 2635 1022 2695 Graecis
1032 2635 1178 2695 sexdecim

190 2755 210 2795 a
224 2736 380 2796 Palamede
393 2736 512 2816 Nauplii
524 2736 584 2796 filio
596 2733 801 2812 configeretis:
824 2725 859 2791 ac
872 2732 987 2811 plurimi
1000 2732 1097 2792 studia
1110 2752 1180 2812 poe·

189 2834 262 2894 tices
282 2835 481 2894 habebantur:
507 2833 690 2913 proindeque
710 2828 854 2907 sapientes
873 2827 914 2886 illi
935 2829 1061 2889 nummis
1083 2830 1180 2892 omnia

190 2932 421 3011 componebant:
446 2950 512 3009 quoe
535 2949 593 2990 uua
614 2949 681 2989 cum
701 2926 815 2987 caeteris
839 2926 914 3005 apud
938 2936 999 2985 tum
1022 2928 1178 3007 AEgypties

188 3026 322 3086 floruisse
335 3046 422 3086 nemo
435 3029 512 3086 bene
523 3027 627 3086 doctus
641 3024 787 3083 dubitarit
829 3023 898 3081 Non
910 3022 1067 3082 defuerunt
1081 3024 1178 3094 etiam,

192 3126 241 3204 qui
254 3112 416 3186 fabularum
427 3125 507 3184 initia
516 3124 621 3184 Siculis
633 3121 840 3198 adjudicarent,
848 3121 1090 3199 quemadmodum
1099 3120 1179 3180 Aris·

189 3219 296 3278 toteles
311 3219 339 3276 in
355 3218 482 3280 Poeticis
501 3219 551 3289 ait,
576 3217 710 3297 quoniam
726 3218 917 3297 Epicharmus
937 3217 1114 3277 comicorum
1127 3238 1179 3277 an·

189 3313 369 3392 tiquissimus
388 3326 478 3394 pocta
495 3314 573 3373 illinc
592 3325 668 3373 esset
688 3315 834 3375 oriundus.
880 3314 1081 3395 Syracusanus
1102 3315 1179 3374 enim
1285 3365 1287 3380 ,

190 3429 293 3470 revera
304 3411 369 3484 fuit,
384 3411 574 3491 duplicesque
594 3411 768 3472 Graecorum
785 3413 881 3472 literas
903 3416 944 3480 ζξ
955 3439 978 3492 χ
988 3412 1097 3492 primus
1117 3433 1178 3471 om·

192 3506 272 3564 nium
283 3508 467 3586 excogitavit,
482 3508 555 3567 sicut
568 3508 597 3566 in
611 3509 719 3569 Iliados
739 3512 819 3586 alpha
841 3509 1053 3569 Grammaticus
1066 3510 1087 3568 J
1089 3509 1178 3568 oham

192 3619 247 3662 nes
260 3600 356 3663 solerti
369 3604 413 3662 vir
426 3605 542 3682 ingenio
561 3625 676 3664 mecum
696 3607 801 3666 sentit:
822 3607 871 3665 ubi
885 3606 987 3683 longas
1005 3631 1022 3677 η
1040 3615 1070 3665 et
1089 3631 1110 3663 ω
1126 3625 1179 3684 per

194 3695 370 3760 Simonidem
383 3712 502 3780 poetam
514 3702 544 3759 in
562 3703 656 3761 insula
672 3703 749 3764 Chic
768 3714 867 3762 natum
882 3702 980 3761 scribit
994 3721 1059 3760 esse
1071 3702 1179 3761 forma-

29 3813 30 3824 *
105 3854 107 3858 ,
190 3804 245 3868 tas,
266 3798 512 3877 aspiraturumque
534 3798 719 3859 characteres
742 3799 763 3858 b
784 3813 802 3880 φ
821 3827 844 3884 χ
865 3798 977 3858 Cadmo
998 3798 1040 3857 illi
1060 3798 1178 3858 Milesio

190 3902 312 3953 testatur
325 3894 453 3955 effictos:
473 3896 543 3955 licet
560 3897 625 3955 haec
646 3896 1004 3976 Plinius-quinquagesimo
1017 3907 1100 3955 serto
1114 3896 1179 3954 libri

188 3990 301 4067 septimi
317 3992 413 4070 capite
425 3992 511 4070 longe
525 3993 608 4051 aliter
621 3994 736 4053 tradatr
757 3992 810 4054 uisi
828 3994 864 4052 sit
879 4014 960 4052 error
976 3994 1004 4051 in
1020 3992 1176 4064 codicibus,

189 4096 240 4144 aut
251 4087 351 4148 Greci
359 4089 416 4167 ipsi
429 4110 487 4162 nou
505 4090 574 4149 satis
596 4090 652 4149 sibi
674 4101 816 4160 constent,
837 4110 909 4168 quos
929 4083 978 4149 ill‘e
997 4090 1178 4169 potissimum

188 4180 276 4244 fuerit
288 4187 414 4248 secutus.
457 4175 551 4245 Satius
569 4198 668 4246 tamen
686 4187 808 4247 arbitror
822 4188 887 4246 haec
906 4187 1051 4246 elementa
1064 4186 1179 4265 singula

187 4276 307 4357 singulis
317 4282 513 4342 inventoribus
524 4283 679 4344 addixisse.
721 4285 767 4343 Ea
780 4284 868 4363 igitur
881 4284 1083 4363 aegrotantium
1101 4304 1177 4344 som·

185 4375 237 4436 nia
248 4380 458 4457 maceniam.
499 4379 599 4442 Unum
607 4379 772 4443 hocaciens
783 4382 820 4442 ab
832 4381 985 4461 AEschylo,
999 4391 1031 4441 et
1044 4381 1093 4458 qui
1108 4396 1176 4439 eum
