2917 4950
250 461 302 523 lxii
499 457 700 524 VICTOR.
719 456 780 521 nn
801 454 998 521 COMOED.

248 641 318 702 Hoc
332 611 418 701 etiaiu
432 639 609 703 Aristoteles
621 638 828 718 comprobavit,
842 637 984 715 inquiens,
1004 635 1084 715 quod
1101 635 1132 695 ia
1149 637 1238 716 turpi·

220 783 228 798 .
247 729 350 801 tudine
360 736 513 799 ridiculum
524 747 578 808 est,
589 735 769 798 Comoediam
779 734 894 795 imitari.
915 731 1156 811 Quandoquidem
1165 733 1238 797 illud

247 833 375 914 inprimis
385 844 481 912 poetae
492 833 590 903 rebus,
605 843 636 893 et
647 829 741 895 verbis
752 831 868 892 efficere
881 832 1077 893 conabantur:
1098 831 1161 910 ipsu
1174 831 1236 909 qui·

248 932 314 995 dem
326 949 359 990 re
371 929 511 1001 bilariam,
523 929 658 991 videlicet
678 929 725 991 vel
747 928 882 1007 opinione
902 946 964 997 sua,
980 928 1027 989 rel
1045 927 1163 989 alterius
1172 946 1237 1006 per·

248 1027 382 1089 suasione
395 1028 533 1106 deceptas
545 1027 686 1107 fingendo
694 1044 847 1106 personas:
869 1025 976 1089 deiude
992 1042 1098 1104 magna
1110 1026 1236 1096 nemim,

248 1123 295 1184 vcl
308 1122 378 1183 dens
396 1123 559 1185 mortalium
570 1123 724 1203 postremis
737 1122 953 1202 componenda,
967 1122 1052 1185 sicuti
1072 1122 1193 1187 Plautus
1206 1122 1236 1183 in

249 1219 465 1299 Amphitryone
484 1220 664 1285 Mercurium
677 1220 792 1281 simudst
807 1238 896 1299 agere
915 1219 1045 1279 Sosiam:
1065 1219 1111 1278 vel
1124 1229 1236 1287 senua,

249 1316 492 1395 quemadmodum
511 1317 540 1381 in
561 1317 654 1381 -Ranis
676 1317 879 1395 Aristophanis
899 1316 1000 1377 fabula
1018 1315 1161 1379 Xanthias
1178 1315 1235 1375 vile
1339 1368 1342 1373 .

248 1412 424 1492 mancipium
439 1413 598 1475 Herculem
612 1414 683 1493 agit.
724 1413 890 1473 Verborum
902 1424 1000 1479 autem
1019 1411 1111 1477 modis
1123 1422 1235 1490 septem

249 1510 352 1573 comici
365 1511 437 1571 risus
450 1511 631 1573 excitabant:
652 1512 698 1573 rel
711 1513 824 1575 scilicet
838 1512 921 1590 plura
939 1509 1106 1589 significans
1119 1509 1237 1571 verbum

248 1617 431 1685 usurpantes,
458 1607 538 1686 quod
563 1608 744 1686 grammatici
765 1611 867 1673 dicunt
887 1611 1067 1687 operariam
1090 1607 1137 1667 vel
1154 1606 1239 1684 plura

244 1702 466 1781 ¹significationis
484 1703 625 1780 ejusdem,
640 1704 717 1785 quod
733 1709 1046 1782 remurmuremus:
1066 1702 1113 1761 vel
1126 1702 1237 1781 propri·

168 1810 171 1818 ‘
250 1819 299 1860 um
310 1799 428 1878 aliquod
441 1800 573 1863 ludentes
584 1821 692 1861 nomen
705 1821 742 1881 ea
752 1802 870 1880 quidem
881 1800 1003 1870 rationo,
1018 1816 1077 1878 qua
1088 1818 1141 1865 nos
1154 1798 1241 1863 inter·

250 1895 320 1961 dum
339 1906 472 1956 craterem
491 1896 613 1961 dicimus
633 1907 776 1968 oratorem,
802 1897 881 1976 qued
902 1896 943 1955 illi
961 1906 1131 1974 nuncupant
1148 1918 1240 1975 nepe·

250 1997 363 2071 supter,
387 1992 434 2053 vel
456 1993 561 2055 cadem
582 1993 686 2073 sapius
711 2014 770 2057 non
794 1994 944 2055 invenuste
968 1993 1137 2072 repetendo,
1160 1991 1242 2071 quod

250 2088 400 2169 appellant
427 2088 620 2169 ἀδολεσχίαν
649 2092 813 2169 cujusmodi
844 2102 889 2153 eet
914 2092 987 2155 illud
1013 2091 1177 2151 Ennianum
1202 2090 1241 2157 ab

251 2185 332 2247 Aule
355 2185 454 2247 Gellio
474 2187 604 2258 citatum,
622 2187 674 2250 ubi
695 2191 816 2253 verbum
835 2190 893 2251 hoc
905 2190 1021 2269 frustra
1046 2199 1077 2249 ct
1086 2187 1239 2265 frustrari,

252 2281 350 2345 decies
369 2281 473 2343 eodem
494 2282 560 2342 loco
580 2283 763 2347 inculcatura
781 2287 828 2346 vel
849 2286 1021 2365 aspernandi
1041 2284 1137 2351 studio
1155 2283 1241 2349 dimi·

250 2377 351 2443 native
362 2378 539 2441 formantes:
560 2378 607 2439 rel
626 2379 752 2459 aliquam
769 2382 848 2443 hand
861 2384 986 2448 absurde
998 2383 1111 2449 literam
1129 2392 1244 2447 mutau-

251 2485 303 2538 tsa
347 2473 484 2553 Denique
497 2496 551 2553 per
564 2497 622 2542 ncn
635 2478 714 2542 tritas
735 2478 852 2546 dicendi
870 2481 978 2558 figuras
999 2479 1175 2556 elegantiam
1189 2478 1243 2546 alia

251 2575 342 2648 cuius,
357 2582 408 2632 ant
425 2572 498 2634 rude
517 2571 666 2650 ingenium
686 2576 891 2652 exprimentes,
911 2574 1057 2636 theatrum
1077 2593 1164 2638 omne
1183 2574 1242 2638 deu

251 2669 459 2732 diffundebant.
500 2668 610 2732 Verum
621 2669 828 2736 reconversa
840 2671 921 2732 nihili
934 2689 1138 2749 nonnunquam
1151 2680 1243 2742 erant,

250 2764 305 2828 nisi
324 2783 429 2828 rocem
448 2763 604 2828 histriones
625 2765 745 2843 singulis
764 2767 962 2832 adhibuissent
979 2766 1243 2836 accommodatam:
1295 2807 1299 2818 1

251 2860 491 2940 quandoquidem
499 2862 590 2924 omnis
601 2862 758 2928 oblectatio
766 2864 925 2930 Comoedia
937 2849 1145 2944 propemodum
1155 2864 1186 2932 in
1195 2881 1243 2923 aea

250 2957 330 3020 tione
347 2957 486 3023 consistit.
529 2960 683 3024 Hactenus
702 2971 800 3026 autem
819 2960 1034 3039 questurum,
1054 2960 1133 3024 bone
1146 2961 1243 3022 omine

119 3051 121 3056 ’
251 3054 429 3135 procedantr
449 3075 488 3118 ne
502 3055 582 3136 (licet
595 3056 664 3122 huic
674 3058 774 3124 libello
787 3058 825 3118 de
835 3057 984 3137 perplexis
994 3057 1069 3119 adeo
1080 3058 1242 3136 quaestioni·

251 3153 307 3214 bus
318 3152 498 3231 prepositum
511 3173 570 3214 noa
583 3154 620 3218 sit
633 3153 793 3234 disparere)
805 3155 889 3220 nimis
900 3156 991 3220 multa
1004 3174 1067 3218 esse
1079 3155 1243 3220 rideantur.

294 3249 325 3310 Si
338 3249 467 3314 mudum
487 3250 602 3314 Latine
620 3254 770 3316 ccmoedim
791 3269 903 3330 qumras
923 3252 1086 3330 perspicere
1107 3251 1245 3312 conditio·

150 3391 157 3406 .
241 3339 342 3410 'neme
361 3346 492 3425 inprimis
511 3352 574 3424 ejus
595 3349 735 3428 originem
756 3368 810 3427 per
831 3367 897 3408 esse
915 3348 1039 3416 arbitror
1055 3368 1114 3408 non
1130 3349 1246 3426 ignora-

252 3463 303 3506 rea
323 3444 431 3523 quippe
445 3446 563 3511 eumad
584 3465 638 3510 nos
658 3466 675 3510 e
696 3447 805 3508 Gracc
820 3445 901 3512 fonte
915 3446 1045 3516 derivata
1057 3464 1109 3524 per
1122 3443 1244 3508 Latinos

254 3538 335 3620 quasi
353 3539 488 3606 traduces
503 3542 654 3606 emanarit.
694 3543 729 3606 Ia
746 3553 877 3606 veterum
888 3543 986 3621 itaque
999 3541 1103 3604 fabulis
1116 3540 1242 3620 quinque

253 3636 406 3715 perhibent
417 3656 483 3715 esso
497 3637 683 3722 differentias,
697 3651 863 3719 temporum
878 3639 1001 3710 scilicet,
1022 3637 1088 3710 stili,
1103 3636 1244 3708 materiae,

254 3730 449 3804 numerorum,
464 3745 673 3814 etapparatus.
715 3736 810 3795 Nobis
819 3736 906 3814 igitur
918 3746 1051 3814 tempora
1059 3734 1245 3804 consideran-

255 3824 341 3898 tibus,
366 3829 422 3890 tria
443 3831 650 3894 comoediarum
669 3852 778 3911 genera
797 3836 863 3894 'sese
886 3833 1010 3900 offerunt
1031 3831 1247 3910 distinguenda.

257 3923 388 3988 Primum
406 3927 483 3985 enim
505 3938 560 3998 est,
578 3928 657 4007 quod
670 3948 810 3994 unacum
825 3927 1104 4008 Peloponuesiorum
1116 3927 1246 4006 imperio,

257 4021 423 4093 amariore,
445 4024 492 4088 sel
512 4024 682 4090 Serruiriom
698 4026 794 4088 deruit
807 4025 967 4094 inventore.
1008 4025 1155 4096 Alterum,
1167 4021 1247 4101 qnod

257 4120 294 4184 ab
308 4119 447 4199 impositis
461 4121 763 4200 perLaeoedemoniea
772 4123 995 4191 Atheniensium
1009 4121 1182 4191 cervicibus,
1195 4119 1246 4188 trie

257 4213 338 4293 giam
351 4216 432 4294 quasi
441 4221 514 4296 jugo
528 4219 655 4304 tyrannis
668 4220 707 4282 ad
723 4231 842 4288 meatem
860 4239 951 4297 nsque
964 4218 1091 4298 Philippi
1103 4213 1247 4306 Macedn-

256 4310 301 4376 ait
319 4322 364 4378 est
381 4327 585 4395 propagatum,
604 4317 740 4387 videlicet
762 4338 816 4398 per
835 4335 924 4378 annos
944 4316 1064 4384 circiter
1081 4312 1244 4391 sexaginta

259 4409 399 4486 Tffiidmr
414 4413 492 4491 quod
505 4414 542 4480 ab
555 4414 718 4482 Alexandri
728 4417 906 4495 temporibus
919 4415 994 4474 aden
1005 4413 1131 4478 mustum
1144 4409 1246 4474 sumsit
