2917 4950
423 382 541 454 AOT.
562 383 608 451 V.
635 383 814 454 SCBNA
845 384 910 453 Vl.
1126 387 1192 455 303

468 624 688 687 APPENDIX
711 626 880 691 SPURIA.

145 751 188 819 P.
209 751 261 819 Te
275 724 532 839 exspeotabam.
547 764 602 826 est
617 758 662 825 do
678 764 740 825 tua
751 779 800 838 re,
827 757 921 844 quod
944 776 1042 841 agere
1059 776 1123 841 ego
1143 760 1192 822 te·

275 886 354 932 oum
371 867 466 938 vole.

146 976 238 1044 Dedi
254 998 404 1065 operam,
426 1003 470 1047 ne
485 1003 539 1048 me
554 1003 632 1049 esse
647 981 791 1049 oblitum
813 980 911 1046 dices
933 984 1002 1045 tue
1017 984 1129 1064 gnate
1144 980 1194 1045 al·

275 1097 369 1159 terae.

146 1199 226 1267 Tibi
245 1223 300 1268 me
315 1205 437 1289 opinor
451 1206 620 1291 reperisse
635 1205 774 1290 dignum
787 1211 821 1272 te
836 1209 938 1291 atque
951 1204 1014 1270 illa
1025 1206 1148 1271 virum.

148 1311 245 1380 cni.
268 1315 380 1396 Davo,
404 1317 448 1382 alr
468 1318 565 1402 perii.
590 1318 633 1383 do
652 1339 729 1384 meo
746 1337 860 1382 amore
874 1336 914 1381 ac
930 1317 1002 1382 vita
1015 1336 1104 1382 nuno
1118 1336 1194 1383 sors

275 1429 415 1496 tollitur.

146 1536 245 1604 Gna.
271 1539 354 1605 Non
368 1560 460 1608 nova
472 1542 571 1609 istaec
585 1542 668 1608 milri
683 1543 834 1608 conditio
848 1545 912 1621 est,
935 1542 965 1606 si
980 1540 1178 1619 voluissem,

278 1650 469 1737 Pamphile.
698 1637 701 1646 ¹

16 1777 17 1832 ξ
148 1759 243 1827 cnr.
266 1760 402 1842 Occidi,
427 1764 539 1846 Davo,
564 1766 672 1851 perii!
698 1763 797 1832 'Can
820 1763 890 1830 Sed
915 1763 953 1829 id
977 1765 1193 1850 quamobrem

276 1892 346 1939 non
361 1876 467 1956 volni,
481 1879 635 1963 eloquar.

16 1941 17 1998 3
148 1982 232 2050 Non
245 1984 388 2066 idcirco,
412 1988 506 2074 quod
527 2010 604 2057 eum
618 1986 752 2056 affinem
768 1986 851 2054 mihi
864 1987 1003 2055 nollem.
1024 1986 1066 2054 P.
1089 1986 1195 2067 Hem,¹

277 2104 366 2163 taoe.

16 2265 17 2282 ς
151 2204 248 2273 Oria.
271 2207 342 2272 Sed
364 2208 516 2274 amicilia
530 2215 658 2292 nostra,
681 2233 761 2297 quae
784 2216 837 2277 est
858 2210 1049 2298 apartibus
1069 2211 1196 2276 nostris

16 2357 17 2366 2
279 2318 415 2397 tradita,

150 2427 233 2495 Non
247 2430 399 2515 aliquam
414 2436 545 2517 partem
560 2434 663 2527 studii
678 2433 861 2500 adductam
876 2431 1108 2519 tradiliberis,

17 2550 18 2631 ζ
149 2540 251 2609 Nune
268 2562 347 2608 oum
362 2544 467 2629 copia
480 2551 582 2630 atque
596 2548 733 2612 fortuna
745 2549 879 2632 utrique
892 2553 930 2613 ut
941 2550 1195 2632 obsequeretur,

280 2653 383 2733 dedit,
399 2656 507 2721 detur.
531 2657 573 2721 P.
599 2658 693 2723 Bene
1069 2724 1072 2735 .

151 2763 313 2830 Factum:
338 2767 407 2843 abi,
429 2772 532 2854 atque
552 2789 615 2852 age
631 2771 757 2853 gratias
778 2771 917 2837 homini.
941 2769 1037 2836 cnr.
1060 2770 1195 2848 SalvoS,

279 2874 440 2944 Chremes
451 2880 637 2947 amicorum

152 2984 310 3051 Meorum
333 2991 483 3055 omnium
506 2992 590 3057 mihi
614 2993 801 3072 carissime,
827 2994 919 3078 quod
942 2994 1025 3059 milri
1046 3012 1196 3059 eommo-

17 3168 18 3181 χ
281 3097 362 3163 dum
375 3105 439 3186 est,
455 3103 593 3186 gaudio,
1015 3088 1018 3093 ¹

17 3198 18 3265 Ϊ
154 3204 269 3287 Quam
282 3210 329 3290 id,
353 3213 485 3296 quoda
505 3219 539 3280 to
562 3221 701 3299 expeto,
725 3235 780 3278 me
802 3216 982 3298 reperisse,
1006 3221 1045 3281 ut
1058 3215 1197 3281 habitus

280 3322 424 3388 antehac
440 3323 491 3389 fui
867 3307 870 3315 ’
1111 3306 1113 3313 ⁵

152 3431 230 3497 'l'ibi
245 3432 404 3512 animum,
421 3453 489 3519 quo
502 3437 693 3520 adeumquo
708 3436 894 3522 applicatis
910 3438 1058 3525 studium
1072 3437 1196 3503 exinde

280 3552 319 3611 ut
331 3547 406 3627 erit,

152 3654 239 3721 Tute
252 3658 502 3724 existimaveris
513 3658 550 3724 id
562 3660 612 3725 ita
625 3679 702 3725 esse
716 3659 828 3724 facere
844 3678 889 3723 ex
900 3679 955 3724 me
967 3658 1198 3743 conjecturam

283 3787 329 3833 ex
349 3789 405 3834 mo
418 3769 512 3836 licet

157 3875 296 3944 Alienus
311 3879 375 3945 abs
386 3885 419 3946 te
434 3886 547 3947 tamen
561 3882 637 3966 quis
652 3886 689 3946 tu
703 3902 810 3961 esses,
829 3903 987 3961 noveras,
1002 3884 1119 3951 iteres
1133 3888 1196 3950 est.

281 3987 380 4056 Criu.
401 3991 550 4057 Gnatam
567 3993 631 4058 tibi
644 4014 757 4058 meam

156 4101 387 4169 Philumenam
400 4123 555 4184 uxorem,
570 4108 606 4170 et
620 4105 710 4173 dotis
723 4126 788 4175 sex
802 4108 932 4177 talenta
944 4102 1111 4192 spondeo.
1120 4104 1136 4111 ’“
