2917 4950
260 373 366 453 no*
656 381 929 472 nuruum:
1013 382 1016 392 ·

259 574 302 641 Τ.
325 567 523 644 Audierasi
569 580 611 644 G.
635 581 760 667 Smpe3
782 586 817 647 et
831 583 933 648 fertur
947 567 983 647 in
996 583 1124 667 primia.
1153 571 1217 653 Τ.
1235 573 1310 653 Me}

387 687 500 754 um'st.

258 797 301 864 G
327 798 433 865 Dolet
448 801 574 866 dictum
590 804 792 886 imprudenti
808 806 1029 885 adolescenti,
1045 812 1079 872 et
1093 806 1212 874 libero.
1267 815 1310 873 40

261 908 303 973 P
325 907 420 974 Atto
436 911 496 975 Dii
510 912 664 996 perdant.
709 915 754 980 G.
778 913 871 994 Quid
885 916 956 995 ille,
972 920 1118 1001 querani
1163 920 1204 983 Τ
1228 919 1310 984 Per·

390 1022 491 1087 ditus.

260 1131 350 1204 Risu
366 1153 494 1215 omnes,
509 1139 568 1221 qui
583 1138 733 1216 ederant,
747 1140 902 1205 emoriri:
927 1137 1072 1223 denique

259 1373 364 1436 potiores
379 1377 474 1434 referre,
491 1379 554 1437 qnod
574 1378 632 1424 alter
649 1379 761 1439 probatur

258 1447 356 1495 dixisse.
391 1448 458 1497 Vetus
473 1450 570 1514 credidi]
597 1449 660 1509 Quia
684 1452 761 1498 omnia

259 1527 347 1576 vetera,
357 1537 439 1583 magna
452 1529 513 1569 sunt.
531 1524 562 1569 D.

291 1591 374 1640 Placet
379 1600 436 1640 vett.
446 1594 500 1640 edd.
508 1594 588 1652 lectio,
598 1604 665 1643 tuum
676 1596 761 1643 obsecro

258 1680 286 1712 ne
301 1664 435 1713 hecdicium
451 1668 519 1713 eruti
535 1667 558 1713 lr.
571 1685 592 1715 e.
609 1684 652 1729 per
667 1670 759 1726 tmesin,

257 1753 301 1799 prc
315 1735 408 1787 tuumne
421 1731 515 1787 'obsecro
549 1741 590 1787 Sin
611 1744 670 1789 Ena.
682 1743 724 1789 IV.
734 1746 774 1789 4..

258 1813 301 1875 53.
314 1811 383 1859 Adel.
393 1812 442 1859 111.
457 1815 530 1862 419.
548 1814 624 1862 Plaut.
642 1814 712 1863 Truc.
722 1816 758 1862 11.

257 1887 333 1933 ΜΞ.
351 1887 379 1933 Β.

290 1959 323 2004 39
340 1956 410 2021 Saepe]
427 1958 481 2004 Non
499 1974 530 2004 ex
548 1959 615 2020 ipsc:
633 1976 686 2007 nam
697 1951 760 2008 esset

258 2027 396 2076 contrarium
408 2030 529 2088 superiori.
546 2031 635 2078 'Meum
645 2034 686 2096 en]
705 2035 759 2080 Non

258 2116 327 2159 sensu
339 2101 504 2158 tantummodo,
522 2104 564 2149 sed
582 2104 657 2150 verbis
668 2120 760 2165 quoque

257 2172 317 2236 ipsis
324 2179 415 2234 agreste
422 2180 466 2232 est,
475 2174 537 2235 quod
545 2189 605 2221 nunc
614 2175 679 2232 dicit,
685 2192 758 2224 meum

258 2255 298 2294 est.
315 2248 346 2293 D.

293 2317 324 2365 Et
331 2317 415 2381 sertim
432 2322 457 2366 in
471 2319 561 2383 primis]
578 2321 609 2367 V.
621 2320 650 2369 C.
664 2319 760 2385 effertur

258 2389 377 2451 inprimis.
396 2394 425 2440 1..

291 2462 374 2512 Fertur
384 2466 496 2531 inprimis]
514 2467 533 2513 l.
541 2483 561 2516 e.
576 2465 600 2513 in
610 2465 710 2513 omnium
718 2483 760 2515 ore

258 2547 303 2597 eet,
317 2537 476 2586 circumfertur
490 2547 517 2586 at
532 2539 624 2601 elegans
640 2547 664 2586 et
676 2555 760 2586 venus-

257 2621 316 2662 turn.
332 2613 427 2659 Sueten.
450 2612 474 2658 in
490 2612 551 2659 (lars.
563 2628 584 2658 c.
596 2616 636 2660 20.
655 2621 683 2659 ut
693 2613 761 2675 nrrlgo

257 2684 540 2751 monferenturlrieersru.
551 2701 575 2731 v.
589 2685 717 2747 Schulting.
731 2685 758 2732 ad

257 2761 462 2808 Sencontrorers.
475 2756 511 2803 11.
522 2771 546 2817 p.
555 2759 609 2802 120.
627 2757 658 2803 R.
671 2759 702 2803 D.

290 2836 324 2879 40
346 2828 413 2877 Dolet
427 2828 512 2875 dietum
526 2829 663 2889 imprudenti
677 2830 760 2877 moles·

258 2905 346 2952 sentiet
357 2901 433 2965 libero]
451 2902 524 2947 Deest
540 2901 605 2957 milri,
623 2907 651 2948 ut
661 2902 690 2957 si,
701 2902 760 2950 dolet

257 2975 323 3024 milri.
355 2975 387 3021 Et
397 2973 493 3027 dictum,
511 2972 659 3035 participium
670 2980 714 3031 est,
733 2974 759 3021 id

257 3055 303 3106 est,
311 3048 374 3110 quod
384 3045 475 3093 dixisti.
508 3046 608 3094 Addidit
622 3047 681 3094 eninr
692 3063 759 3109 para·

259 3123 326 3177 situs,
336 3135 382 3181 quo
392 3118 485 3180 gravius
493 3117 524 3165 sit
532 3117 629 3175 dictum,
639 3119 759 3166 commise-

257 3193 371 3242 rationem
387 3190 437 3253 ejus
455 3190 479 3237 in
490 3206 557 3250 quern
569 3193 657 3239 dictum
667 3198 711 3248 eat,
721 3197 758 3239 ut·

258 3273 315 3330 pote
324 3260 493 3324 imprudentem
510 3262 681 3311 adolescentem
697 3271 721 3310 et
731 3263 759 3311 li·

258 3341 347 3387 berum.
381 3334 514 3398 Scitlenim
541 3336 645 3383 homines
668 3336 761 3394 stultos,-

259 3410 333 3461 malos
344 3408 419 3457 videri
430 3408 498 3455 velle.
533 3408 761 3472 Etvideparasitum

258 3487 282 3535 in
292 3485 377 3533 iisdem
386 3481 481 3538 versari,
492 3497 545 3529 curn
557 3483 590 3529 ait
599 3498 676 3544 supra,
682 3485 760 3545 jugu-

259 3556 383 3615 tarmhie,
402 3554 460 3601 dolet
477 3555 571 3603 dietum.
604 3554 759 3619 imprudente]

259 3631 356 3678 Scilicet
373 3628 413 3689 qui
429 3627 522 3675 minime
540 3629 653 3683 crederet,
672 3629 712 3675 tali
733 3644 759 3675 se

259 3701 351 3766 percuti
370 3716 439 3762 posse
458 3700 581 3748 convicio:
598 3708 637 3748 aut
653 3717 706 3749 curn
716 3702 759 3748 tali

260 3776 312 3824 viic
323 3773 369 3820 sibi
385 3789 434 3821 rem
450 3773 557 3821 futurarm
591 3775 623 3821 Et
636 3774 670 3821 sic
680 3775 761 3822 laudat

258 3847 364 3902 militem,
375 3852 405 3891 ut*
413 3845 561 3893 miseratione
576 3848 624 3906 Jam
632 3846 717 3907 dignus
729 3847 761 3895 sit

259 3919 402 3967 adolescens.
440 3920 500 3965 Tam
515 3918 625 3967 festive*
642 3926 670 3966 ut
689 3919 758 3967 etiarn

259 3991 366 4039 misereri
382 3989 528 4037 inimicorum
538 3997 605 4038 vacet
621 3990 687 4056 (edd.
701 3999 757 4046 vett.

259 4081 362 4114 numm
380 4081 426 4127 non
441 4066 539 4130 infestat.
573 4069 649 4114 Locus
663 4083 759 4128 corrup·

810 1381 848 1424 tus
859 1372 1002 1433 sincinnium
1013 1390 1058 1422 non
1074 1381 1116 1423 est.
1149 1374 1207 1422 'lum
1219 1379 1323 1436 poterat⁴

809 1451 884 1500 videri
903 1449 997 1499 Gnatho
1013 1449 1128 1496 incessam
1146 1439 1264 1496 Rhodium
1281 1449 1310 1495 il·

808 1522 857 1569 lum
871 1522 1074 1576 adolescentulum,
1085 1522 1189 1568 vocando
1207 1520 1309 1575 liberum,

809 1594 826 1641 i.
838 1610 858 1642 e.
869 1610 1006 1656 procacem:
1023 1594 1049 1640 id
1061 1608 1116 1641 vero
1128 1598 1215 1640 tanturn
1227 1594 1310 1639 messa

808 1668 841 1715 ait
866 1668 980 1724 Donatus,
1006 1674 1033 1713 nt
1059 1666 1128 1713 etiam
1153 1662 1312 1728 misereatur).⁴
1353 1681 1356 1690 ¹

841 1810 973 1874 Imprudens
984 1811 1063 1859 hio‘in
1082 1811 1150 1859 laude
1167 1810 1271 1871 ponitur,
1283 1819 1309 1859 ut

779 1913 782 1919 -
809 1885 868 1933 And.
882 1887 913 1933 V.
924 1891 948 1935 4.
958 1891 980 1936 8.
1015 1885 1145 1931 Gnathonis
1156 1886 1227 1931 verba
1247 1891 1310 1939 sunt,

808 1971 839 2005 ex
855 1958 936 2006 intimo
951 1956 1086 2006 adulatoriae
1101 1955 1158 2003 artis
1173 1971 1235 2017 penn
1249 1956 1311 2018 peti·

808 2038 839 2078 ta.
858 2032 888 2079 B.

842 2102 994 2166 imprudenti]
1011 2103 1148 2165 Imprudens
1161 2101 1199 2149 hic
1209 2102 1232 2148 in
1240 2100 1311 2150 laude

808 2175 910 2239 ponitur,
925 2184 953 2223 ut
967 2176 1124 2223 adolescentes
1142 2173 1257 2235 imperitig
1271 2189 1313 2221 ve·

807 2264 859 2296 rum
879 2249 957 2296 educti
967 2249 1048 2295 libere.
1056 2248 1081 2294 in
1093 2246 1166 2293 Andr.
1173 2245 1203 2291 V.
1215 2250 1239 2292 4.
1252 2250 1275 2295 8.
1286 2262 1309 2293 v.

809 2322 878 2369 Beni.
887 2322 915 2368 ad
927 2322 950 2368 h.
960 2322 976 2367 l.
994 2321 1074 2368 Minus
1085 2327 1149 2366 recte
1158 2319 1183 2365 lr:
1193 2318 1210 2366 l.
1220 2318 1311 2380 accepit

808 2395 938 2456 dululting.
956 2394 985 2441 ad
1006 2396 1060 2441 Sea.
1084 2398 1227 2439 controvers.
1241 2392 1263 2439 1.
1285 2406 1309 2453 p.

808 2469 864 2519 152.
882 2469 911 2515 R.
920 2468 951 2515 D.

840 2544 872 2588 41
890 2541 920 2588 Ar
928 2550 949 2588 te
959 2540 1000 2588 Dii
1007 2540 1115 2604 perdant]
1133 2542 1157 2588 N
1159 2556 1203 2588 uve
1214 2540 1308 2586 Parme-

809 2628 846 2668 no,
853 2626 903 2659 ‘non
914 2613 969 2675 ipsi,
979 2616 1020 2660 sed
1032 2614 1062 2659 de
1072 2614 1125 2675 ipso
1139 2611 1254 2674 loquitur,
1263 2626 1307 2658 non

809 2684 915 2733 audiente
933 2702 976 2733 eo:
994 2687 1104 2748 εἰρωνικῶς.
1137 2683 1308 2735 Parmenonis

808 2760 867 2805 scale
877 2759 941 2805 'iacit
957 2757 1031 2821 (lege,
1048 2760 1104 2807 mule
1122 2759 1184 2815 dicit,
1202 2757 1309 2805 velmcIe

808 2832 888 2879 duent.
922 2830 977 2878 Nisi
996 2833 1065 2878 rerba
1079 2832 1120 2878 illa
1131 2832 1248 2894 ιῖςωνιιιῦς.
1261 2848 1266 2857 .
1277 2829 1305 2875 P.

809 2902 898 2968 h.m.f.
910 2904 962 2950 loco
982 2911 1098 2951 sunnon
1108 2909 1204 2951 statuas.
1238 2901 1310 2949 Certe·

807 2977 900 3038 quidem
917 2976 1003 3038 optime
1019 2977 1134 3024 addantur
1147 2983 1209 3022 notre
1220 2973 1307 3023 Donati

807 3050 836 3096 ad
849 3051 898 3097 llI.
910 3052 933 3096 2.
947 3047 1013 3113 10.):
1030 3058 1055 3096 ut
1070 3057 1092 3095 te
1107 3048 1149 3097 Dii
1157 3048 1263 3110 perdunt,
1272 3047 1307 3094 iu·

808 3122 866 3184 quit.
884 3122 916 3169 D.
950 3122 954 3125 “
1048 3137 1050 3142 ·

840 3199 872 3243 42
890 3196 947 3244 Risu
954 3211 1032 3254 omnus,
1043 3199 1082 3260 qui
1091 3197 1195 3252 aderunt,
1206 3192 1307 3257 moriri]

809 3267 939 3330 Disciplina
952 3275 989 3316 est
1006 3269 1111 3326 comicis,
1124 3276 1151 3317 ut
1162 3269 1246 3316 stultus
1257 3283 1307 3315 een-

809 3341 900 3398 tentius,
909 3342 943 3389 ita
952 3343 1021 3389 etiarn
1030 3342 1114 3389 vitiose
1128 3343 1209 3397 verim,
1220 3339 1307 3388 adscri-

809 3416 866 3462 bere
886 3414 993 3462 ridiculis
1013 3414 1173 3477 imperitisque
1195 3413 1312 3475 personis.

785 3500 788 3503 ·
808 3488 843 3533 llt
855 3487 957 3544 Plautus,
965 3487 1018 3533 Mil.
1027 3487 1048 3532 1.
1059 3487 1129 3535 2⁷5.
1141 3487 1306 3549 iutnmrilnuego

809 3559 946 3606 dmnrnerem
956 3559 1098 3620 stipendium,
1115 3556 1190 3619 inquit
1206 3573 1237 3606 ex
1251 3574 1307 3619 per·

809 3645 865 3678 sona
876 3629 963 3679 militis.
997 3632 1082 3691 Itaque
1091 3630 1129 3677 hic
1139 3632 1228 3677 mom-iri
1238 3630 1307 3679 dixit.

808 3705 904 3752 Atrero
922 3704 1014 3751 Atticus
1030 3703 1166 3749 adolescens
1186 3703 1210 3749 in
1229 3705 1307 3750 Heau-

809 3783 867 3822 tout
883 3777 950 3823 emori
968 3777 1054 3836 cupio.
1073 3775 1133 3822 Vide
1153 3774 1235 3837 igitur,
1252 3791 1308 3836 poe-

809 3854 867 3904 tam,
881 3863 925 3910 pro
939 3848 993 3895 loco
1012 3863 1039 3894 ac
1056 3855 1161 3909 ternpore
1180 3848 1241 3895 scire
1251 3847 1307 3909 quid

808 3921 878 3968 dicat.
895 3920 931 3967 D.

841 3992 949 4055 Einmiri]
985 3992 1080 4041 Gornice
1099 3999 1188 4040 tanturn
1209 3993 1307 4052 dicitnr;

808 4068 925 4132 nain(non
937 4066 1123 4130 zpemoaucit.
1146 4068 1176 4114 E.

260 4132 299 4188 tus
310 4138 370 4186 forte
386 4137 420 4184 ita
438 4139 530 4187 restitui
541 4147 632 4213 potest:
650 4152 759 4188 ιιιιῑιιο.
840 4139 1006 4201 Βὶιιιηιιοιίιὶ]
1023 4141 1044 4186 Ι.
1054 4155 1075 4188 e
1088 4139 1237 4187 vehementer
1246 4139 1306 4187 ride·

261 4211 283 4260 Τ
281 4229 318 4259 nm
330 4226 376 4258 non
394 4210 598 4266 {mussitantium
609 4213 706 4259 numeni
715 4213 776 4259 ini·
807 4229 841 4261 re.
864 4211 964 4258 Locutio
980 4212 1049 4258 fluxit
1062 4213 1092 4258 ab
1107 4212 1206 4259 Homeri
1222 4213 1307 4272 odyss.

259 4300 369 4331 nmmum
387 4291 456 4330 umet.
489 4285 551 4347 Quin
568 4286 629 4332 enim
649 4285 676 4331 ni
693 4285 759 4332 libero
809 4297 833 4335 z.
844 4287 884 4333 99.
894 4281 1055 4343 piretrum.
1070 4286 1158 4333 annin
1152 4283 1320 4367 ιιιιςιιοάὺ

259 4373 305 4405 non
316 4371 389 4405 ιιιιιιιιι
399 4372 468 4418 quarn
476 4357 629 4420 ememor
622 4364 760 4423 interprete
808 4359 869 4406 estur
878 4371 922 4418 pre
933 4372 1020 4406 ernon
1030 4357 1063 4405 R.
1074 4357 1110 4404 Ι).Ι
