2917 4950
446 391 562 458 ACT.
585 390 650 458 IV.
670 388 868 459 -SGENA
890 387 960 455 111.
1161 392 1228 458 iat)

185 580 234 649 Ui
247 580 311 664 ego
324 576 496 662 unguibus
508 576 612 645 facile
631 578 683 643 illi
697 578 734 643 in
752 578 873 643 oculos
896 575 1045 643 involem
1058 575 1228 642 venefico!

186 693 256 758 Pu.
279 691 411 757 Nescio
433 689 516 775 quid
540 691 695 776 profecto
720 691 860 756 absente
886 689 987 756 nobis
1015 688 1229 755 turbatum'st

314 802 418 867 domi.

183 911 310 978 Adibo.
335 910 429 991 Quid
451 910 566 976 istuci
589 913 671 997 quid
684 913 853 978 festinaui
877 911 947 977 aut
962 929 1062 997 quem
1089 885 1226 995 quaeria,

312 1023 482 1106 Pythias?

185 1134 397 1213 PY.'Ehem,
421 1135 591 1214 Phaedria,
617 1155 681 1219 ego
703 1155 804 1223 quem
827 1138 1002 1220 quaerami
1024 1133 1143 1214 ihino,
1158 1155 1226 1220 quo

315 1246 448 1327 dignun,
463 1267 542 1311 cum
557 1247 655 1311 donis
670 1248 739 1311 turis

184 1355 271 1421 Tam
284 1356 420 1440 lepidis.
444 1357 516 1422 ΡΗ.
547 1356 641 1437 Quid
656 1359 745 1424 istuc
761 1362 814 1423 est
833 1358 903 1423 reii
1189 1365 1228 1421 10

185 1466 255 1532 ΡΥ.
278 1469 485 1551 Rogasmei
513 1469 715 1536 Eunuchum
737 1489 838 1555 quem
860 1468 985 1535 dedisti
1004 1468 1116 1547 nobis,
1140 1488 1227 1553 quas

313 1581 431 1645 turbas
447 1577 558 1645 dedit!

182 1729 268 1787 malim,
284 1740 427 1793 prmrntotam
434 1731 552 1797 familiam
565 1732 682 1781 dorimibi
763 1731 856 1778 Abseate
866 1726 937 1790 rubis]
963 1729 1011 1775 Pro
1022 1730 1116 1776 absente
1127 1742 1172 1774 me.
1190 1726 1228 1776 Sic

182 1802 273 1849 obuiam
292 1805 321 1849 R.
332 1805 364 1851 D.
731 1811 821 1852 veteres
838 1802 961 1863 aliquando
976 1802 1128 1862 loquebantur
1141 1803 1170 1847 ad
1180 1817 1231 1849 seu·

217 1877 232 1920 6
252 1873 291 1921 Uti
301 1891 340 1939 ego
349 1878 463 1940 ungaribus
466 1877 541 1942 facile
550 1877 586 1925 ilii
595 1879 620 1924 in
630 1892 682 1924 octe·
731 1892 782 1923 eum
793 1874 874 1936 magia,
885 1889 952 1936 quam
964 1874 993 1920 ad
1005 1875 1229 1921 verbaattendentes.

183 1944 215 1992 los
226 1946 330 2009 touton]
347 1951 431 1997 Nonne
448 1951 524 1997 credis
536 1950 643 2010 Pythiam
657 1950 683 1997 id
732 1948 816 1995 catull.
827 1948 902 1994 Caum.
915 1945 1007 1993 cvm.
1024 1947 1047 1994 5.
1059 1946 1182 2007 imperanti
1192 1963 1231 1994 no·

183 2018 683 2083 comminari,quodavirgineminuaiactum
733 2022 765 2068 tir
785 2020 872 2068 Tibull.
893 2019 961 2080 Eleg.
983 2017 1230 2067 minuandum

184 2089 229 2135 ait?
241 2092 466 2155 quodquiopueim,>
477 2095 614 2155 uonpotuit.
635 2093 683 2141 Un-
732 2094 808 2140 merito
826 2093 886 2139 uubis
904 2091 995 2138 inimico
1020 2092 1122 2149 merenti,
1144 2091 1185 2138 ubi
1205 2107 1229 2139 r.

182 2163 277 2225 gutta]
294 2166 385 2224 Quibus
394 2174 494 2214 armatur
505 2167 543 2213 bic
558 2184 635 2214 sexus.
653 2165 683 2214 Iu
733 2167 866 2213 Broukhus.
883 2165 912 2210 R.
926 2166 956 2211 D.

183 2236 269 2298 oculor]
287 2239 360 2295 Quasi
373 2242 476 2286 amatori.
495 2238 605 2304 Venefico]
628 2240 683 2287 Mu·
765 2239 855 2292 coum
856 2236 983 2302 festiviori]
991 2237 1114 2298 Properas,
1122 2238 1231 2294 turbaris,

184 2309 243 2355 tanti
258 2311 361 2358 homines
373 2312 505 2376 (Boecierur
515 2319 578 2360 reete
589 2329 684 2360 acumen
733 2321 757 2360 ei
766 2311 887 2372 trepidas?
900 2309 1032 2366 Sallustius,
1035 2309 1199 2373 festinantiam
1207 2313 1231 2358 iu

184 2380 230 2427 boo
245 2385 414 2443 grammaticaie
425 2385 524 2446 ineptias
538 2391 613 2432 vocat.
630 2386 683 2432 Me·
732 2400 818 2432 summa
827 2382 1016 2443 iuopiupntribur.
1034 2382 1066 2427 D.

182 2451 231 2500 lim
242 2455 410 2522 Eugrapbiue,)
419 2464 443 2506 et
454 2474 485 2506 ex
499 2453 625 2520 virginibus
635 2475 684 2506 mu.
766 2463 781 2509 9
793 2453 865 2520 Egou'
874 2470 936 2518 quem
943 2470 1039 2516 pteram
1045 2454 1069 2518 i]
1078 2457 1153 2503 Deest
1158 2470 1231 2520 rogas.

185 2525 255 2573 lieres
271 2529 374 2577 facienti.
402 2533 439 2577 Au
455 2529 549 2593 unwflco
571 2532 684 2579 amatori?
734 2531 765 2579 D.
913 2530 915 2539 ¹
990 2529 995 2534 ”

185 2599 241 2659 quia
257 2615 320 2647 amor
335 2600 448 2650 venenum
466 2603 580 2650 occuitum
597 2612 640 2651 est.
658 2615 685 2650 ut
767 2600 846 2656 Ehem,
862 2599 982 2664 Phaedria]
999 2598 1063 2647 Hinc
1073 2599 1156 2663 incipit
1164 2616 1232 2648 accu-

185 2671 253 2732 Virg.
280 2673 335 2720 AEu.
351 2675 373 2721 1.
394 2678 449 2724 688.
467 2675 578 2723 occuitum
594 2677 685 2735 inspires
734 2674 801 2722 ertio.
821 2673 913 2721 Deinde
923 2676 1037 2721 narratio:
1048 2690 1099 2721 eum
1109 2674 1232 2722 douiatuir.

183 2744 384 2809 ignemfulicrque
393 2762 479 2795 manto.
497 2749 529 2795 Et
537 2750 589 2794 AEu.
597 2750 618 2795 I.
626 2750 683 2796 749.
733 2749 807 2796 Simul
817 2747 957 2811 propositio:
975 2745 1114 2794 Eunuchum
1124 2763 1187 2810 quem
1196 2748 1233 2794 de·

185 2815 319 2880 longumque
335 2819 419 2866 bibebat
428 2836 530 2867 amorem.
539 2818 581 2866 ι1).
733 2822 786 2868 disti
797 2822 864 2877 uobis,
875 2834 929 2882 quus
943 2821 1019 2866 turbor
1029 2821 1106 2868 dedit!
1116 2822 1234 2884 uirginem,
1327 2826 1330 2838 ¹

222 2889 253 2936 Ut
263 2905 304 2954 ego
313 2890 519 2957 unguibusfuer'ie]
531 2895 560 2939 Iu
569 2896 619 2954 ejus
630 2909 685 2941 ouu-
733 2910 799 2958 paam
807 2893 864 2940 berre
869 2893 930 2939 miles
936 2890 992 2945 dono
1001 2893 1093 2939 dederat
1098 2893 1191 2941 vitiavit.
1204 2894 1233 2943 E.

184 2964 222 3010 ios
238 2964 354 3025 unguibus
371 2968 429 3013 meis
445 2966 553 3015 involem.
574 2966 684 3030 Venefico]
766 2966 814 3014 Alii
824 2964 1136 3027 libribabentmbibincalii,
1147 2966 1232 3014 iibido.

184 3038 310 3093 Scelerato,
322 3039 391 3087 maio.
402 3040 431 3087 E.
734 3042 779 3088 Sed
793 3039 916 3087 Bembinua
925 3048 950 3087 et
961 3038 1037 3087 Vatic.
1050 3041 1076 3087 iu
1091 3039 1160 3100 birm3
1175 3041 1199 3089 b.
1211 3055 1232 3088 e.

219 3109 250 3156 in
260 3111 334 3157 curba
343 3112 445 3174 inuelem]
461 3114 483 3160 1.
497 3130 517 3160 e.
529 3129 581 3161 cum
591 3113 615 3161 ri
625 3113 685 3161 irru-
733 3116 779 3161 isne
791 3115 861 3162 binc?
880 3114 961 3160 Recte.
978 3115 1007 3160 B.

185 3199 230 3231 am.
245 3183 304 3230 inira
315 3186 345 3231 V.
355 3189 378 3231 2.
390 3190 430 3234 20.
442 3189 496 3248 quin
507 3188 600 3234 involem
610 3190 636 3235 iu
646 3203 685 3235 co·
768 3190 799 3233 10
816 3186 862 3234 Alii
873 3202 1001 3247 perperam,
1010 3185 1122 3247 inlepido.
1140 3188 1169 3234 B.

182 3256 272 3317 pillum.
284 3257 355 3305 uvid.
367 3259 462 3306 Metam.
475 3261 536 3307 XII.
555 3263 610 3308 560.
623 3263 685 3307 iuuo-
766 3262 796 3305 11
816 3258 954 3306 Eunuchum
975 3273 1038 3322 quem
1068 3260 1148 3306 dedisti
1167 3261 1234 3317 mou,

185 3329 219 3376 iat
235 3339 257 3376 et
274 3331 354 3392 digitos
369 3333 395 3378 iu
410 3332 495 3394 pnfidu
507 3333 593 3380 lumina
601 3333 685 3390 condit,
733 3348 787 3395 quus
805 3332 881 3385 turbas
898 3330 969 3393 dedit]
987 3333 1035 3378 Aut
1050 3330 1191 3390 &iniurato-293
1208 3339 1234 3380 ut

184 3402 225 3448 ubi
235 3419 258 3450 v.
271 3404 355 3452 Heius.
372 3405 403 3452 R.
416 3408 447 3452 D.
733 3405 788 3452 AEu.
800 3406 821 3450 I.
832 3407 889 3452 5⁷3.
900 3405 983 3450 'turbem
994 3419 1061 3465 quam
1072 3411 1152 3460 natue,
1164 3413 1234 3451 vestra

216 3478 233 3521 '7
250 3477 343 3524 Abiente
352 3478 414 3524 uobis
434 3480 551 3526 turbatum
567 3488 598 3526 est
615 3481 684 3544 domu]
733 3487 764 3526 eat
770 3496 779 3536 ς
796 3484 835 3524 aut
844 3468 975 3539 quem'cu'm
991 3477 1170 3538 interrogatione
1181 3493 1233 3541 pro-

185 3550 233 3595 art
244 3550 472 3611 subdistinguendum
484 3559 529 3607 eet,
546 3559 570 3599 et
580 3552 686 3600 subaudi·
735 3551 896 3608 nunciandum,
909 3550 1086 3612 utait,qua1em.
1099 3549 1233 3598 Eunt'wbum

184 3623 325 3679 endumme3
337 3629 376 3670 aut
387 3622 513 3687 ἄςχαΐσμός
520 3624 686 3688 figuraestmbf
736 3641 797 3688 quem
808 3624 897 3687 dedisti]
915 3614 1017 3681 Quidam
1029 3624 1108 3670 volunt
1118 3624 1234 3687 praemiiis·

184 3695 319 3751 contenebit,
331 3710 375 3755 pro
385 3696 603 3753 uobia'abseutibus,
615 3698 686 3744 Pom·
735 3697 849 3758 tinguere,
859 3698 926 3759 qnasi
937 3697 1107 3761 dicatqrmlem:
1126 3698 1167 3745 aed
1181 3714 1234 3746 nea-

184 3766 279 3829 poniue,
293 3766 402 3832 aine'ergo
413 3770 596 3830 ictuumaeseute
610 3772 687 3818 amima
736 3769 807 3827 ciunt,
830 3772 871 3817 bac
885 3771 958 3832 figura
969 3771 1067 3817 muitum
1078 3778 1169 3819 veteres
1179 3787 1234 3819 neos

184 3834 246 3887 iuter
262 3855 352 3887 coeuum.
376 3841 449 3888 Varro
466 3840 490 3886 in
506 3842 687 3899 Marcellum,id
736 3857 795 3890 ease.
815 3841 952 3892 &nucinum
970 3844 1030 3890 euim
1042 3844 1072 3891 ad
1090 3844 1169 3891 dedan
1183 3859 1235 3891 ver·

182 3919 289 3972 prasente
301 3912 379 3976 legatia
388 3914 496 3969 omuibus,
511 3917 615 3970 exerunt,
633 3930 685 3976 pro·
735 3915 790 3961 bum
806 3915 891 3962 retulit.
912 3918 981 3963 Nunc
993 3931 1049 3978 ergo
1060 3915 1125 3963 addit
1140 3924 1234 3979 propter

184 3985 289 4030 nunciat.
306 3985 399 4032 Abreutc
410 3984 481 4048 nebu]
501 3987 559 4034 (ium
576 3989 610 4033 aio
620 3988 685 4045 dicit,
735 3986 798 4033 aliud
812 3984 900 4050 ἀξίωμα
911 3989 1071 4036 assumendum
1082 3989 1234 4044 extrinsecus,

184 4071 229 4116 pru
241 4057 408 4116 praepositione
427 4059 494 4119 ponit
505 4060 607 4106 abente:
626 4076 653 4107 ac
664 4060 684 4106 ei
734 4060 755 4106 is
767 4061 899 4109 Eunuchus.
923 4053 983 4109 Nam
1000 4063 1091 4124 quoties
1106 4080 1151 4111 uuo
1161 4061 1234 4110 nomi-

185 4128 284 4184 diecret,
302 4145 380 4177 corum
392 4132 483 4195 (clum:
500 4132 631 4180 nisi-malis
641 4134 695 4197 boc
734 4147 772 4189 ne,
787 4139 827 4180 aut
839 4135 973 4193 pronomine
984 4135 1085 4183 diversae
1101 4135 1235 4182 declinatio-

187 4201 301 4247 eebolium
317 4204 403 4251 referre
420 4204 450 4250 ad
467 4204 543 4251 locum
562 4205 685 4266 Pomponii
735 4205 1233 4270 nisenunciaticnescomprehenduntur,ne-

186 4271 369 4336 Z.)amicis.1).
735 4293 800 4326 oease
818 4285 862 4337 est,
879 4283 941 4341 quod
957 4276 1023 4330 elteri
1034 4276 1234 4330 'accommodatum

220 4344 684 4411 Profectoubrmteuobia]Meabreate.E.
735 4351 812 4410 fuerit,
832 4355 861 4401 ab
870 4354 942 4404 altero
954 4356 1095 4417 discrepare.
1116 4352 1235 4410 Quinde-
