2917 4950
130 533 132 537 Ι
192 411 285 508 'ria
631 407 855 534 anunm
891 447 895 454 ·
937 443 941 458 ·

179 654 182 658 ¹
221 630 368 695 Futuras
381 647 458 693 esse
474 627 615 693 audivit.
631 626 692 692 sed
707 628 783 712 ipse
799 626 872 691 exit
884 624 987 690 foras.
1032 630 1037 641 “

220 740 268 807 D.
292 740 453 818 Mirabar,
469 739 535 805 lioe
551 740 581 803 si
596 739 646 804 sie
662 739 791 804 abiret:
815 741 849 801 et
862 736 933 800 heri
949 753 1083 821 semper
1096 735 1218 803 lenitas

220 851 370 919 Verebar
384 871 541 936 quorsum
557 851 727 916 evaderet.
1232 853 1267 914 ,6

222 961 293 1041 Qui
307 966 489 1046 postquam
503 960 654 1024 audierat
667 980 735 1024 non
750 959 867 1024 datum
881 958 922 1021 iri
936 959 1007 1023 filio
1019 978 1162 1024 uxorem
1177 978 1252 1035 suo,

220 1070 579 1156 Nunquamouiquam
593 1074 745 1134 nostrum
756 1071 897 1135 verbum
907 1068 1000 1148 fecit,
1011 1085 1121 1152 noque
1129 1068 1165 1132 id
1174 1087 1267 1170 Vaegre

349 1182 438 1245 tulit.

221 1294 257 1360 S.
279 1292 327 1358 At
352 1312 442 1358 nune
466 1292 589 1358 faciet:
612 1312 735 1378 neque,
757 1297 795 1358 ut
818 1291 1049 1381 opinorpsine
1069 1295 1128 1357 tuo
1142 1309 1266 1375 magno

349 1404 452 1469 malo.

219 1565 279 1613 enim
291 1581 367 1627 snpra,
385 1565 447 1630 qpod
462 1564 506 1613 non
522 1565 595 1612 solum
612 1563 717 1611 desuetis
799 1563 914 1627 Mirator]
932 1561 1110 1624 Intelligendum
1132 1568 1176 1618 est,
1191 1560 1268 1609 Simo·

218 1638 314 1693 nostris,
324 1639 352 1685 ad
363 1640 517 1698 conjecturam
524 1642 658 1699 argumenta
669 1637 717 1682 ool·
766 1652 827 1693 nem,
838 1645 958 1699 postquam
973 1636 1023 1683 haee
1034 1652 1085 1683 oum
1097 1634 1163 1681 Sosia
1179 1641 1268 1697 egerat,

217 1710 259 1771 ligi
271 1717 375 1778 possunt,
386 1726 466 1757 verum
477 1718 502 1757 et
511 1718 650 1757 nostrorum.
668 1711 696 1756 Ε.
766 1724 818 1755 oum
830 1708 898 1756 Davo
910 1710 1010 1757 loentum
1018 1723 1076 1754 esse.
1093 1707 1124 1753 R.
1135 1709 1167 1753 D.

238 1784 268 1832 „4
284 1782 388 1830 Mirabar
408 1781 458 1845 loe]
475 1782 524 1828 Ilio
545 1782 610 1829 loeus
632 1788 676 1837 est,
691 1780 716 1827 in
798 1781 823 1829 Si
832 1783 861 1829 sia
873 1780 955 1843 obiret]
972 1782 993 1828 1.
1004 1796 1024 1826 e.
1035 1781 1079 1827 boo
1095 1781 1208 1826 ferremus
1222 1779 1267 1825 lra-

218 1868 264 1915 quo
291 1856 383 1908 Daras(
397 1855 527 1901 insinuatur
549 1856 717 1915 spectatoribus
765 1870 837 1917 pune,
848 1856 868 1902 si
880 1854 946 1901 nobis
956 1853 1012 1900 nihil
1023 1852 1136 1899 molestiae
1146 1853 1200 1899 iude
1218 1851 1267 1899 ori·

216 1926 290 1974 multa
301 1936 417 1987 gesturus.
432 1927 456 1973 Si
466 1927 508 1989 sio]
526 1926 571 1981 Sic,
581 1942 624 1994 pro
634 1927 718 1974 leviter
766 1934 825 1975 etur.
843 1927 927 1974 Catuli.
937 1927 1014 1973 Oarm.
1029 1926 1098 1972 xvl.
1116 1928 1154 1972 16.
1165 1940 1209 1971 noir
1220 1940 1267 1972 uon

217 2001 463 2062 etuegligenter,quod
473 1998 718 2055 Graeoiinracdicnut,
756 2000 805 2048 lton
816 2001 857 2047 tilii
867 2003 897 2047 sia
907 2000 984 2047 abibit.
1001 1999 1051 2046 cio.
1061 2000 1091 2045 de
1103 1998 1156 2045 Fin.
1167 1998 1197 2044 V.
1208 2001 1232 2045 a.
1243 2005 1268 2045 et

217 2070 718 2138 signifiostantemo'uroc,siotatestdelris,
764 2075 785 2120 si
806 2072 845 2119 lon
855 2072 952 2137 fumasse
972 2088 1017 2119 nou
1042 2072 1124 2133 poterit
1148 2072 1178 2117 sie
1196 2069 1265 2117 alirn.

217 2161 269 2204 ane
280 2146 408 2205 adiuvanda
430 2152 580 2206 gestarunt:
597 2153 623 2192 ut
639 2146 719 2193 tantil-
766 2146 840 2212 siniti
857 2148 945 2194 ratione
962 2145 1045 2206 aliquis
1063 2145 1148 2191 dieitur
1166 2143 1266 2198 auferre,

218 2217 263 2262 liam
271 2233 378 2277 mmm:
394 2225 426 2273 et,
437 2218 556 2279 hujusmosi
559 2217 656 2284 fatiam.
673 2217 717 2266 Iae·
766 2221 827 2281 quod
846 2219 938 2267 seilicet
957 2217 1105 2279 impunitum,
1124 2216 1222 2262 inultum
1241 2214 1267 2261 in

216 2289 287 2352 uitas]
316 2289 451 2346 Clementia,
473 2291 717 2351 instrumentum·
765 2293 899 2340 Ad.111.4.
910 2297 933 2340 8.
946 2291 1007 2337 torna
1016 2288 1128 2353 auferent.
1145 2290 1174 2334 ll.
1188 2289 1219 2335 D.

215 2362 293 2416 traria
302 2364 413 2424 asperitas
424 2371 448 2409 et
465 2363 593 2411 difficultas.
627 2363 717 2412 Etheri
797 2365 885 2426 Semper
895 2365 984 2428 tenitas]
1001 2363 1026 2410 Si
1036 2364 1152 2408 Donatum
1169 2366 1194 2405 et
1204 2359 1266 2407 alios

214 2447 297 2495 temper
315 2435 403 2498 leuitm]
426 2436 462 2483 An
480 2450 561 2498 semper
580 2436 673 2483 leuitas?
689 2445 715 2485 nt
764 2433 1266 2498 interpreteareqnamur,semperterritosper

174 2522 175 2525 ’
215 2507 247 2554 sit
266 2508 322 2570 tptr.
349 2508 595 2565 Lucretianum
629 2510 716 2571 Semper
763 2509 955 2571 liguramlrpplre,
970 2505 1265 2569 estperpetualenitas‚nt

206 2580 313 2640 florentis
333 2580 430 2628 Homeri.
463 2580 550 2641 Semper
569 2581 656 2644 leuitas]
680 2583 714 2629 Ao
764 2584 823 2643 apud
844 2583 927 2643 Virgil.
947 2583 1001 2628 AEn.
1016 2580 1037 2639 l.
1055 2584 1111 2628 198.
1129 2587 1181 2625 aute
1199 2578 1265 2624 ruolu

214 2666 257 2711 per
269 2654 313 2698 inoo
322 2653 427 2699 simulata
445 2668 518 2712 usqne
537 2669 596 2699 nuno
614 2654 696 2699 lenitas
708 2671 714 2700 :
764 2664 817 2703 sunt
828 2655 948 2716 superiora
959 2654 1024 2700 mala.
1034 2670 1057 2700 r.
1067 2654 1135 2699 Voss.
1144 2651 1167 2697 in
1180 2651 1264 2698 lristot.

213 2738 344 2787 uampemo
354 2724 377 2769 in
397 2724 496 2770 dirersis
513 2725 603 2771 actibus
623 2740 732 2785 semper,
764 2736 821 2775 orat.
833 2729 862 2775 V.
875 2732 898 2775 4.
910 2744 933 2789 p.
947 2731 1003 2775 241.
1021 2726 1067 2772 Sed
1077 2725 1113 2770 lrio
1122 2739 1204 2784 semper
1211 2740 1265 2771 reo·

213 2794 274 2840 leuis
283 2801 334 2840 est:
352 2796 396 2841 nisi
412 2797 471 2842 forte
488 2797 555 2843 lictus
571 2797 715 2845 assimulator
762 2801 920 2861 tiusjungitur
931 2815 982 2846 enm
992 2800 1062 2845 verbo
1072 2798 1169 2844 uerebar.
1179 2796 1210 2844 R.
1219 2798 1250 2844 D.

214 2867 354 2914 etoallidus.
387 2867 473 2927 Semper
491 2869 579 2931 leuitas]
597 2869 653 2916 Sine
670 2871 714 2917 dii·
788 2870 1040 2932 sonannaodera]
1054 2871 1263 2930 Adquumpnrtem
1314 2898 1318 2903 ·

212 2938 311 2986 ferentin
322 2946 357 2986 esi
368 2940 599 3001 impuriunulenlitts.
617 2942 648 2988 D.
763 2952 898 3006 erumperet.
934 2945 1118 2998 Etepadere‚esi
1129 2958 1172 3003 per
1183 2959 1264 3003 quam.

233 3058 235 3061 ,
247 3011 358 3068 Mirabar,
365 3012 556 3077 instruontur]
574 3017 634 3061 llaee
645 3031 713 3063 scena
762 3035 859 3081 comque
870 3018 1025 3066 difficultatem
1035 3017 1064 3063 ud
1078 3015 1168 3079 aliquid
1178 3030 1264 3075 perre-

212 3085 344 3131 nudatum
369 3092 440 3141 tenet,
464 3094 591 3146 quanquam
612 3088 713 3135 mandati
761 3094 819 3140 nire.
837 3095 868 3139 D.
941 3085 944 3089 ’

213 3170 284 3202 oanan
304 3157 423 3216 praeoeoit,
445 3159 505 3218 qnod
525 3173 600 3204 snare
625 3159 713 3206 dicitur
793 3169 810 3212 7
829 3163 922 3212 Ventum
924 3161 998 3228 fecit]
1014 3163 1067 3209 Non
1079 3162 1142 3209 dixit
1151 3161 1261 3222 litigium,

211 3228 281 3276 filius.
299 3230 379 3275 Manet
388 3230 428 3275 illa
437 3234 577 3290 conjectura,
586 3247 638 3291 quae
650 3233 712 3287 simi,-
761 3247 800 3287 aut
816 3237 899 3293 rixam,
914 3237 955 3283 ned
971 3236 1067 3283 nen-bum.
1101 3237 1157 3281 151ae
1168 3236 1262 3297 exigui.

211 3301 267 3348 liter
277 3302 346 3348 habet
357 3307 381 3347 et
387 3310 527 3364 arguments,
534 3311 558 3349 et
567 3304 712 3365 probationes
760 3319 827 3368 intes,
838 3310 1018 3359 asseverationes
1033 3309 1091 3370 (Ms.
1103 3308 1182 3354 Hulst.
1211 3308 1263 3356 lstc

212 3389 280 3421 suaa:
291 3376 479 3435 poetenmandati
489 3376 549 3422 notio
561 3384 606 3433 est,
613 3384 638 3423 ut
649 3378 711 3437 quod
740 3386 742 3392 '
760 3384 888 3446 exiguitatis
904 3380 1081 3442 asseverationes)
1099 3381 1220 3440 dicuutur3
1236 3391 1262 3429 et

212 3448 710 3509 obsonetDarnspnrnnndntnnngnnsnni.
760 3472 811 3503 oum
828 3455 1026 3517 pronunciatione,
1048 3461 1075 3499 ut
1100 3453 1260 3514 intelligatur:

211 3518 338 3581 Egreditur
350 3536 500 3581 ¹¹⁸111q1¹0¹¹0¹¹
513 3522 710 3582 ⁰⁸Pl⁰le¹¹⁵<l⁰ml·
760 3544 789 3575 ne
811 3520 906 3575 uerbum
927 3527 1028 3588 quidem.
1063 3523 1138 3587 Neque
1154 3526 1180 3571 id
1201 3541 1260 3587 egre

210 3607 274 3648 nnn,
299 3592 366 3655 nnjns
387 3595 462 3640 oratio
483 3595 537 3641 intio
562 3595 662 3656 ungitur,
684 3600 711 3640 nt
759 3601 825 3664 tutti]
842 3602 1031 3660 Honentrenper
1043 3598 1127 3643 unitos.
1145 3599 1176 3644 D.

211 3665 316 3723 quiedam
332 3673 418 3711 temere
436 3667 499 3713 diota
514 3667 629 3727 proterat:
647 3668 709 3728 qnod
793 3672 915 3734 Nunquam
930 3674 1034 3733 cuiqnam
1052 3677 1153 3716 nostrum
1169 3671 1259 3718 undum

122 3773 126 3781 ,
209 3735 327 3783 leuitatem
335 3737 422 3784 domini
432 3740 548 3793 latentem,
559 3755 623 3786 snam
634 3747 658 3786 et
669 3741 710 3805 de·
752 3744 823 3810 fecit]
842 3748 963 3806 Nunquam
971 3760 1021 3790 oum
1032 3757 1144 3804 quoquam
1154 3751 1259 3791 nostram
1270 3764 1273 3769 ·

210 3816 323 3856 monstrat
344 3810 506 3869 calliditatem
530 3812 590 3872 quod
612 3812 709 3858 miratus
760 3820 850 3865 loqutus
867 3825 911 3871 θεῖ,
932 3818 992 3863 infm
1004 3818 1037 3863 11.
1050 3820 1074 3863 4,
1093 3817 1117 3862 in
1137 3817 1182 3863 fine
1197 3833 1259 3864 narn.

211 3880 251 3937 sit,
266 3883 362 3928 verbum
382 3883 426 3929 sibi
445 3900 459 3929 a
479 3884 572 3930 domino
590 3898 708 3931 nonense
759 3907 824 3953 qnam
847 3899 919 3937 tenum
945 3896 1134 3936 conimutataram
1159 3890 1258 3937 aaaron.

209 3954 418 4009 nasammonas,
441 3971 518 4002 seoum
536 3956 709 4013 monimntum,
759 3965 791 4011 R,
802 3966 832 4009 D.

209 4041 286 4086 nequa
303 4042 364 4087 segre
386 4028 502 4075 dominnm
529 4029 619 4087 tulisse,
646 4030 708 4089 quod
792 4035 911 4098 8Furiet]
928 4034 1113 4081 subaudiendum
1123 4035 1279 4083 verbumst

210 4099 316 4145 audisset
325 4114 369 4146 non
382 4101 432 4146 dari
444 4117 548 4150 uxorem.
566 4103 594 4149 F..
758 4114 794 4155 est
806 4107 881 4170 societ
898 4120 997 4168 persona
1015 4106 1091 4162 tertis,
1112 4121 1155 4166 pro
1174 4108 1257 4167 prima.

242 4171 306 4218 Siste
317 4173 398 4237 abira]
416 4175 450 4221 Ut
469 4174 557 4222 Seneca
575 4175 707 4238 Epistlll.
758 4178 848 4241 Faciet]
865 4180 948 4235 Idest,
967 4180 1086 4235 irascetur,
1102 4180 1259 4238 denuuoiubit,

210 4245 353 4294 Hoeabierit.
388 4245 632 4311 Herisernperleaitas]
650 4247 708 4294 Dio·
756 4252 872 4312 loquetur.
905 4251 957 4299 Siue
978 4260 1017 4299 tua
1035 4267 1116 4315 magno
1136 4253 1206 4315 nato]
1227 4254 1259 4303 td

205 4320 289 4391 'medas
299 4317 343 4367 tib.
352 4321 373 4368 1.
392 4336 443 4384 esp.
455 4321 498 4370 tv.
516 4319 542 4369 si
562 4336 643 4384 seraper
663 4336 723 4373 nou,
757 4332 802 4380 sat,
814 4324 989 4372 oomminabitur
1005 4324 1059 4378 tibi,
1076 4331 1100 4371 et
1114 4323 1190 4371 minas
1201 4341 1258 4372 oon-

208 4394 285 4442 labet.
303 4395 331 4441 1..
485 4406 487 4410 ·
757 4397 1157 4460 temneautadpoonasperreniss.
1176 4400 1208 4446 D.
1238 4430 1242 4435 »
