2917 4950
274 442 334 502 brit
493 436 690 499 VICTOR.
710 437 775 498 DE
796 434 1049 499 COMOEDIA.

275 630 392 684 secutus
413 630 466 688 est,
487 620 615 690 Cratino,
634 619 745 678 fabulas
763 620 793 677 in
813 620 1035 679 suamt'ormam
1055 638 1118 680 esse
1142 619 1257 680 tandem

275 720 418 779 redactas.
460 716 608 794 Siquidem
621 728 689 777 anta
698 718 828 777 devictos
839 717 944 776 Persas
956 718 995 776 ad
1009 716 1162 788 Salamiua,
1174 720 1258 795 cujus

271 812 403 878 uictoria
414 812 552 897 fabulam,
566 833 632 891 quae
642 833 718 872 nunc
732 823 836 884 exstat,
848 812 1004 893 AEscbylus
1017 813 1109 884 dedit,
1121 813 1216 871 nullus
1228 811 1258 869 in

271 911 308 971 ,iis
322 910 394 969 ordo
411 920 526 989 poteret
539 909 668 988 reperiri.
709 909 922 967 Comoedierum
940 907 1038 986 itaque
1051 909 1140 987 prima
1149 909 1258 969 semina

266 1006 312 1078 ‚ad
323 1005 479 1085 AEgyptios
492 1005 661 1076 reseramus,
675 1003 828 1064 formulam
841 1022 941 1065 aarum
959 1015 990 1064 et
1004 1003 1133 1065 ordinem
1147 1003 1258 1064 Cratim'

266 1102 447 1181 ,temporibus
465 1101 671 1185 adscribentes,
690 1100 748 1161 stili
769 1120 834 1159 curn
854 1100 967 1160 caeteris
988 1100 1138 1179 scripturis
1153 1101 1256 1160 eadem

274 1218 337 1265 esse
362 1196 523 1265 differentia
545 1198 668 1269 videtur,
691 1198 810 1277 antiqua
833 1197 910 1258 enirn
934 1197 1078 1279 comoedia
1101 1198 1205 1276 gravis,
1227 1206 1258 1256 et

269 1297 351 1359 ,elata
370 1314 484 1374 semper
505 1293 623 1369 incedit,
647 1312 682 1354 ao
704 1312 909 1373 nonnunquam
930 1292 1105 1353 obsoletiore
1127 1292 1259 1372 quedem

187 1416 202 1439 υ
266 1393 526 1469 xverbasectaturr
555 1401 585 1450 at
605 1400 706 1450 eontra
725 1388 871 1451 recentior
891 1389 1077 1468 perspicuum
1097 1408 1258 1449 sermonem

273 1488 399 1559 affectat,
407 1498 516 1567 ,utpote
531 1507 595 1567 quoe
610 1487 689 1547 novis
699 1502 733 1547 ac
743 1486 922 1566 politioribus
935 1496 1032 1547 utatur
1045 1486 1205 1547 atticismis.

266 1646 269 1651 ,
304 1586 463 1656 Materia,-
481 1604 569 1663 quum
587 1569 652 1643 tres>
667 1603 731 1643 esse
752 1603 838 1647 nemo
858 1583 987 1662 ambigat
1005 1583 1158 1653 rectiones,
1179 1602 1258 1660 quae·

273 1683 342 1742 dam
355 1681 438 1741 altius
448 1679 581 1739 videntur
594 1679 676 1739 nobie
690 1699 754 1741 esse
768 1680 938 1759 repetenda,
980 1679 1038 1738 Per
1057 1678 1167 1737 Atticae
1180 1677 1258 1736 urbia

263 1777 451 1845 ,incrementa
466 1777 646 1856 potissimum
660 1776 779 1855 vigente,
790 1776 946 1856 republica,
968 1795 1058 1853 quum
1070 1773 1180 1835 scilicet
1195 1792 1257 1832 om·

264 1873 322 1943 ¹nia
337 1874 435 1952 populi
452 1872 570 1932 arbitrio
591 1884 772 1949 regerentur,
785 1883 882 1952 poetae
895 1872 944 1950 qni
956 1871 1060 1933 fabulis
1075 1869 1257 1949 operamda·

273 1970 353 2041 bant,
362 1970 398 2028 ab
407 1969 600 2031 insectatione
609 1968 703 2027 aliena
712 1969 811 2028 stilum
820 1968 936 2051 minime
946 1977 1082 2046 poterant
1095 1967 1257 2025 continere:

264 2048 327 2130 ‚seir
344 2067 477 2144 qnoniam
492 2063 583 2125 Attici
596 2076 698 2145 suapte
718 2076 820 2125 natura
838 2064 999 2123 nasutiores
1019 2083 1083 2122 esse
1105 2048 1256 2125 dicnnturz

273 2163 335 2222 sive
352 2162 540 2242 potiusquod
553 2161 660 2241 plebeii
677 2180 792 2240 semper
810 2160 910 2219 innato
924 2159 991 2219 odio
1010 2159 1146 2240 patricios
1159 2178 1257 2237 prose·

265 2268 411 2336 ‚quuntua
457 2258 574 2318 Etenim
601 2258 775 2339 praepotenti
798 2277 906 2316 morem
930 2257 1039 2337 populo
1064 2248 1206 2336 gerentes,
1228 2266 1259 2315 et

271 2340 429 2431 judices'et
442 2355 759 2434 praetoresmaledictis
779 2345 1047 2423 insectariminime
1066 2352 1257 2413 dubitabant:

264 2469 310 2511 ,ac
322 2449 516 2522 nihilosecius
529 2451 662 2531 privatos,
681 2452 706 2511 si
726 2452 790 2530 quis
804 2452 849 2512 vel
868 2471 981 2525 avarus,
994 2450 1041 2511 vel
1054 2450 1180 2530 impurus
1195 2468 1258 2510 esse

275 2547 436 2608 videretur:
457 2549 642 2627 maximeque
667 2550 790 2616 dabatur
811 2548 899 2619 laudi,
922 2548 946 2608 si
967 2559 1054 2627 poeta
1078 2535 1218 2626 quispiam
1239 2566 1257 2605 e

266 2664 364 2714 ‚scena
377 2645 564 2724 gravioribus,
580 2664 615 2705 ac
625 2644 711 2723 plene
722 2645 860 2704 censoriis
873 2645 966 2704 verbis
975 2644 1003 2704 id
1017 2664 1107 2723 genus
1117 2635 1257 2728 homines,
1279 2647 1286 2662 '

265 2743 362 2803 ,veluti
371 2743 474 2817 jaculis
488 2737 668 2807 confecisset,
688 2742 772 2807 ‚Hoc
785 2760 909 2820 namque
923 2740 1004 2800 multi
1018 2740 1179 2800 domestico
1190 2759 1256 2818 pro·

272 2840 328 2897 bro
337 2838 422 2917 ‚quasi
435 2838 552 2917 flagello
565 2840 692 2917 quodam
704 2838 811 2909 vexati,
825 2857 891 2896 cnm
910 2856 1006 2896 moras
1018 2837 1181 2916 prseteritos
1194 2856 1257 2895 mu·

266 2945 346 3007 ,tara
359 2944 421 2994 tum
434 2935 481 2994 vel
494 2954 558 2994 esse
568 2934 657 3013 frugi,
670 2935 717 2993 vel
735 2935 837 2993 saltem
848 2953 987 3014 apparere
1003 2935 1197 3011 cogebantur:
1219 2952 1257 2992 ne

267 3031 369 3108 =denuo
381 3050 446 3090 sese
466 3031 543 3089 male
562 3023 706 3108 gerentes,
725 3031 804 3098 ,mele
824 3030 983 3104 identidem
1004 3029 1153 3090 audirent:
1174 3031 1257 3107 cujus

272 3128 316 3187 rei
329 3147 464 3187 numeros
477 3147 576 3187 ornnes
592 3128 727 3188 Cratinus
741 3126 845 3187 dieitur
852 3127 1031 3206 implevisse:
1052 3127 1157 3206 quippe
1171 3137 1257 3186 caete
1330 3117 1332 3120 ¹

272 3223 313 3293 ris
326 3223 491 3283 austeritate
506 3218 651 3303 praestans,
663 3224 847 3283 acerbissima
853 3227 952 3303 jurgia
960 3225 1124 3304 procaciter
1137 3244 1259 3303 exspue-

274 3320 357 3388 bat„
375 3320 443 3378 Hac
457 3320 543 3379 etiarn
557 3320 587 3379 in
600 3333 682 3400 parte
696 3322 787 3382 bonus
801 3321 848 3381 ille
861 3322 1071 3402 Aristophanes
1082 3342 1139 3381 non
1153 3322 1258 3380 dormi-

267 3416 366 3496 .tavit.·
395 3416 466 3493 Ejus
480 3417 556 3477 enim
575 3417 682 3497 Vesper
701 3418 967 3497 fabula‚,quotquot
986 3432 1048 3479 erat
1061 3419 1256 3499 sycophanta,

256 3533 348 3593 ⁴,quos
362 3512 480 3593 quidem
494 3513 554 3592 ipae
567 3524 652 3573 vocat
665 3516 812 3586 ἠπιάλους,
829 3513 900 3574 fecit
922 3518 958 3576 ab
979 3515 1258 3596 inceptodesistere,

273 3630 331 3688 quo
345 3610 420 3670 inter
434 3620 547 3682 ¹caetera
567 3610 695 3670 facinore
715 3621 826 3669 tantum
844 3612 960 3691 placuit,
982 3624 1015 3672 ut
1029 3613 1171 3691 oleagina,
1192 3633 1258 3690 quse

273 3724 326 3783 par
339 3717 384 3764 est
397 3727 493 3766 aureae
512 3726 638 3777 coronae,
659 3707 822 3768 donaretur.
862 3709 979 3769 Deinde
997 3709 1147 3769 labefactis
1160 3708 1258 3788 populi

274 3800 390 3872 viribus,
402 3822 491 3880 quum
504 3803 616 3863 scilicet
627 3803 777 3881 imperium
791 3806 830 3864 ad
843 3825 952 3886 paucos
966 3805 1082 3866 omnino
1096 3806 1256 3876 recidisset,

273 3896 354 3955 nulla
367 3898 459 3976 poetis
477 3900 597 3978 amplius
616 3898 708 3959 libere
728 3900 865 3980 loquendi
887 3903 1010 3970 facultas
1033 3903 1258 3973 concedebatur,

273 3992 327 4052 sed
340 4012 448 4070 poenas
461 3993 531 4053 dare
544 3994 754 4073 potentioribus
767 4018 885 4058 necesse
905 4009 974 4070 erat,
990 3999 1014 4058 si
1029 4000 1093 4079 quis
1111 4000 1157 4059 vel
1175 3998 1258 4057 mini·

272 4108 352 4145 mum
365 4100 443 4148 esset
456 4090 640 4168 obloquntus.
680 4092 765 4151 Idem
786 4096 862 4155 enim
881 4095 1099 4175 Aristophanes,
1120 4093 1258 4173 quemad·

272 4184 391 4264 modum
403 4185 433 4244 in
448 4187 681 4248 Acharnensibus
693 4188 792 4251 fabula
809 4193 846 4251 de
860 4212 891 4251 sc
905 4193 964 4271 ipse
978 4192 1116 4262 meminit,
1131 4188 1257 4268 quinque

273 4281 449 4344 talentorum
472 4284 591 4344 multem
612 4306 766 4366 perpessus
788 4299 841 4360 est,
863 4299 1016 4367 propterea
1038 4287 1117 4364 quod
1141 4284 1258 4346 Cleonis

270 4379 422 4458 cujusdam
435 4401 473 4442 ex
486 4367 697 4446 Atheniensium
710 4384 894 4463 optimatibus
911 4381 1108 4462 impotentiam
1127 4391 1158 4443 et
1169 4401 1258 4474 pecu,
1285 4466 1289 4475 Ι
