2917 4950
255 448 298 508 lvi
564 443 677 505 DAN.
702 441 939 509 HElNSIUS

259 631 342 696 Quas
354 632 420 689 curri
432 623 613 706 grammatici
626 622 738 695 Latini,
750 623 803 703 qui
820 622 905 684 citius
918 622 1027 685 ossium
1044 619 1148 702 digito,
1159 632 1192 683 nt
1203 621 1252 687 ita

256 725 370 808 loquar,
393 732 619 802 expugnassent,
639 740 726 803 quam
747 731 780 780 ut
796 720 946 782 mininam
960 720 1077 781 Horatii
1095 720 1172 781 oden
1190 739 1245 781 cx·

256 821 438 902 pressissent,
458 818 639 898 Morologias
658 819 689 877 in
711 817 817 878 Plauto
835 818 980 888 dixerim
999 817 1128 878 nondum
1146 816 1253 888 video„

257 936 347 998 quare
368 914 501 985 Horatio,
523 925 557 974 ut
574 933 685 974 summo
702 914 887 994 maximoque
907 924 1013 994 pootoe,
1034 914 1075 974 ita
1087 913 1187 973 critico
1199 912 1245 971 ia-

257 1012 450 1093 comparabili,
465 1031 554 1091 quem
569 1020 686 1072 scutum
699 1009 878 1091 doctumque
897 1010 989 1071 virum
1002 1010 1066 1090 ipse
1080 1009 1121 1069 D.
1132 1008 1247 1093 Hiero·

256 1129 361 1191 aymus
373 1110 412 1170 ad
428 1107 647 1191 pammachium
655 1107 778 1187 vocavit,
789 1108 865 1171 idem
876 1128 934 1168 non
944 1107 1066 1167 licuerit.
1089 1106 1162 1182 Ejus
1173 1124 1241 1166 sana
1257 1140 1261 1147 ·-

255 1206 372 1286 generis
389 1216 467 1276 sunt,
488 1224 554 1284 quas
571 1202 602 1262 in
616 1201 812 1282 Aristophane
833 1217 962 1278 accusat,
974 1202 1107 1287 ¹'quaeque
1120 1201 1243 1263 trivialia

255 1303 359 1382 potius,
367 1322 454 1381 quam
462 1313 495 1361 ut
508 1301 574 1361 viris
584 1301 710 1373 eruditis,
720 1301 808 1361 etiam
817 1302 848 1360 in
857 1322 948 1363 scens
959 1303 1078 1382 placere
1086 1311 1137 1383 aut
1150 1300 1241 1384 debe·

256 1409 317 1471 ant,
332 1409 382 1459 aut
394 1397 513 1478 possint,
528 1407 679 1457 accuratus
687 1416 797 1461 ,censor
810 1397 985 1458 Plutarchus
993 1395 1144 1474 judicavit.
1184 1395 1251 1484 liclJ

257 1500 312 1574 γὰρ
325 1497 405 1575 ὁμὲν
417 1494 584 1562 ἀπαίδευτος
598 1498 643 1552 καὶ
656 1494 764 1567 ιδιώτης
778 1493 821 1562 οἷς
839 1497 944 1562 ἐκεῖνος
961 1497 1040 1570 λέγει
1060 1495 1214 1552 dilianator·
1225 1492 1241 1549 ὁ

256 1591 513 1669 δὲπεπαιδευμένος
527 1590 699 1675 διιςχεριινεῖ.
739 1590 827 1666 Λέγω
841 1590 869 1649 δέ
883 1594 918 1650 τὰ
936 1588 1079 1659 ἀντίθετα,
1096 1591 1141 1647 καὶ
1158 1590 1241 1666 ipod-

256 1713 361 1762 πτωτιι,
375 1691 421 1746 καὶ
434 1692 651 1766 παρονομασίας.
691 1686 807 1755 Τούτοις
827 1691 882 1767 γὰρ
896 1689 912 1746 ὃ
924 1688 979 1764 μὲν
989 1687 1060 1764 μετά
1078 1696 1127 1746 τοῦ
1141 1692 1241 1764 προςή-

189 1775 192 1785 *
255 1806 351 1853 κοντας
370 1787 459 1859 λόγου
478 1785 523 1841 καὶ
541 1783 669 1858 ὀλιγάκις
681 1798 797 1865 χρῆται,
815 1785 975 1864 ἐπιμελείας
990 1787 1062 1844 αιἰτὰ
1074 1786 1166 1856 ἀξιῶν·
1180 1784 1196 1841 ὁ
1210 1782 1250 1841 δὲ·

255 1882 402 1952 πολλάκις,
417 1884 462 1940 καὶ
471 1884 519 1940 οὐκ
527 1884 667 1959 εὐκαίρως,
678 1884 723 1938 sal
734 1882 857 1959 ψυχρῶς.
878 1880 918 1939 Et
928 1879 1049 1940 adducit
1059 1879 1240 1958 exemplum:

254 1990 289 2039 ut
301 1998 377 2049 oum,
392 1978 456 2043 τοὺς
474 1980 587 2054 ταμίας,
607 1980 715 2055 lopiac
735 1987 830 2036 vocat.
871 1976 948 2035 Nam
966 1996 1031 2056 quae
1049 1976 1099 2051 illa
1116 1977 1154 2035 da
1172 1976 1242 2036 Me*-

254 2074 377 2146 nandro,
398 2073 437 2132 ad
449 2071 627 2131 'Terentium
648 2071 711 2132 fere
732 2072 829 2133 omnia
850 2072 952 2132 referri
971 2082 1111 2152 possunt;
1130 2072 1160 2133 in
1180 2091 1242 2151 quo

254 2162 324 2230 nihil
335 2167 469 2249 putidum
483 2178 528 2228 est
541 2177 592 2228 aut
604 2167 742 2247 ineptum.
783 2171 965 2247 Quamquam
977 2170 1069 2230 multa
1078 2189 1144 2249 quae
1157 2181 1241 2233 uota·

253 2267 304 2338 vit,
325 2265 423 2346 potius
441 2264 554 2344 antiqui
575 2264 678 2323 comici
700 2265 832 2338 virtutes,
856 2285 943 2345 quarn
965 2265 1043 2325 illius
1065 2268 1103 2326 da
1122 2285 1179 2345 quo
1197 2266 1239 2325 ibi

250 2360 403 2442 judicavit,
415 2361 486 2421 vitia
497 2361 644 2421 censenda
655 2374 735 2423 sunt.
765 2363 905 2443 Princeps
915 2363 992 2423 euim
1008 2362 1085 2423 inter
1096 2362 1161 2423 illos
1172 2363 1238 2436 fuit,

251 2470 284 2522 at
296 2460 337 2521 ad
347 2460 430 2539 leges
442 2478 492 2520 eas
504 2458 591 2539 plane
608 2479 641 2520 sa
660 2460 832 2540 composuit.
871 2460 961 2528 Quod
978 2459 1015 2523 de
1029 2460 1136 2520 Plauto
1152 2480 1249 2521 nemo.

254 2556 347 2619 dicet,
383 2555 655 2633 Etast‘frigidum,
674 2557 752 2635 quod
772 2558 860 2636 longe
879 2558 916 2617 ab
938 2576 974 2618 eo
993 2556 1085 2629 abest,
1099 2555 1179 2637 quod
1190 2567 1241 2617 aut

253 2672 319 2715 asse
333 2663 481 2733 autpossa
500 2652 563 2713 fieri
580 2662 709 2731 putatur.
750 2654 844 2720 Quale
857 2665 912 2726 cst,
924 2675 1018 2733 pugno
1028 2655 1167 2733 fragore
1185 2656 1241 2724 (ις.
1343 2663 1345 2670 2

248 2750 353 2827 planto
366 2743 511 2820 bruchiumi
526 2750 628 2808 boucla
640 2750 668 2808 iu
681 2751 770 2809 cotan
787 2752 936 2825 peruenire.
980 2752 1021 2811 Et
1033 2762 1078 2811 est
1090 2752 1237 2831 frigidum,

251 2845 374 2905 comita
391 2863 410 2903 a
426 2844 558 2904 familiari
577 2863 710 2905 sermono
724 2844 817 2905 oratio
829 2848 950 2919 recedit,
971 2858 1005 2907 ut
1024 2848 1062 2907 sd
1075 2868 1161 2908 usura
1180 2868 1238 2909 am·

251 2941 326 3021 plius
338 2940 487 3005 transferri
499 2951 635 3021 nequeat.
676 2942 751 3002 Tale
764 2953 810 3003 est
818 2943 891 3003 illud
902 2944 1028 3005 ibidem:

347 3070 374 3118 si
384 3078 437 3118 ants
447 3071 522 3120 laossn
532 3070 567 3119 irc
577 3073 679 3135 occipias
690 3089 765 3122 amco
775 3074 851 3137 prino
859 3075 959 3133 nonina,

347 3150 491 3199 concubiarn
501 3151 533 3199 sit
543 3153 627 3209 noctis,
635 3153 768 3215 prinsquam
778 3155 808 3201 ad
817 3163 956 3217 patronam
966 3157 1108 3221 panaris.

252 3262 367 3325 Crescit
379 3275 476 3324 minen
489 3265 637 3345 frigidum,
652 3287 719 3327 cum
733 3268 815 3328 addit
828 3268 919 3329 alter:

319 3461 321 3470 x
346 3396 413 3458 Opas
423 3396 473 3444 isca
484 3405 521 3444 ast
529 3403 553 3443 at
562 3395 647 3444 viatico
659 3397 688 3444 ad
698 3404 763 3444 tanin
774 3373 866 3459 aoruca,
876 3406 902 3447 at
912 3402 1067 3464 tupradioas.

251 3512 326 3577 Quoe
338 3509 364 3572 si
377 3511 484 3591 pedem
497 3529 586 3570 unum
596 3522 679 3574 extra
691 3530 809 3572 scenam
819 3513 913 3585 ferac3
932 3517 1236 3599 protinusputisoent:

249 3624 346 3685 nequa
363 3608 403 3667 ad
422 3626 506 3668 usum
525 3608 666 3688 applicari
686 3620 835 3689 poterunt.
873 3614 979 3679 Qualia
995 3636 1051 3676 nec
1070 3616 1236 3697 Scipiones

248 3700 367 3775 Laelius,
382 3705 436 3764 flos
455 3704 622 3778 nobilitatis,
641 3705 688 3763 vel
706 3706 739 3765 in
757 3726 845 3767 scena
863 3714 1081 3790 approbassent.
1124 3714 1236 3775 Plutar.

248 3797 321 3857 obus
347 3810 438 3871 carte,
467 3811 550 3861 extra
574 3801 736 3861 liberalium
762 3803 877 3866 theatra
903 3827 939 3867 ac
961 3809 1122 3884 doctorum,
1145 3812 1235 3873 libers

248 3894 368 3973 relegat.
409 3896 538 3956 Ridiculi
561 3898 637 3955 anim
658 3916 694 3957 ac
714 3897 804 3979 inepti
827 3913 904 3975 sunt,
925 3905 975 3983 qui
994 3908 1104 3985 plebeis
1122 3920 1234 3970 tantum

247 3990 336 4051 scribi
352 3992 525 4052 comoediam
544 3992 729 4065 existimant3
756 4015 822 4055 cum
841 4019 900 4058 non
920 4001 1013 4063 minus
1028 4004 1147 4065 eruditis
1170 4006 1245 4066 scria

250 4087 346 4149 batur.
387 4089 476 4155 Quod
484 4100 520 4149 at
532 4089 644 4156 flaccus
657 4089 759 4161 scivit3
781 4094 830 4171 qui
842 4115 902 4156 non
914 4097 977 4159 sins
991 4117 1095 4163 causa:
1143 4099 1146 4103 ⁴

407 4219 523 4277 (traditas,
529 4236 562 4268 ex
570 4222 648 4269 madio
659 4221 757 4283 qaisrcr
767 4227 872 4283 messit,
880 4227 965 4274 habers

408 4300 504 4347 Sudoais
515 4301 632 4349 minimam
638 4318 646 4361 3
664 4303 706 4350 sed
716 4304 785 4352 babet
794 4308 908 4357 comoedia
916 4314 980 4355 tanto

286 4391 295 4398 “
408 4380 559 4441 ΡΙιιιοιιοιίι,
570 4390 656 4445 quanto
668 4383 741 4433 vania
750 4386 833 4438 ruinas.
