2917 4950
258 425 316 490 ln'ir
490 430 704 494 PETITUS
728 428 793 493 Dii
823 425 1016 494 ORDINE

258 612 351 689 Cujus
363 613 547 673 incredibiles
560 615 682 692 lepores,
695 624 728 672 nt
742 615 887 694 Joaeplrua
902 612 1033 693 sanger
1042 613 1159 674 diceba
1167 613 1246 687 olim,

258 705 311 766 tin
324 710 497 768 centesimus
506 702 684 770 eruditorum
697 704 818 790 quisque
828 712 918 771 videt.
960 703 1008 769 Ne
1023 706 1088 769 oum
1098 710 1148 769 sslo
1161 710 1246 770 timnl

257 816 288 864 'et
303 806 461 877 Afranium,
481 806 629 887 antiquum
650 807 803 878 comicum,
822 809 1026 877 condemnent,
1042 812 1124 882 cnjus
1137 804 1248 866 veriaei·

258 918 335 963 inum
351 913 438 980 atque
452 902 614 962 absolutum
625 914 708 965 extat
716 905 878 980 judicium:

482 1058 591 1104 Terentio
601 1074 644 1104 non
657 1057 756 1104 similem
767 1058 830 1105 dices
841 1059 978 1119 qnempiam.

259 1196 352 1256 Nobis
372 1194 477 1257 eruditi
498 1198 659 1276 ignoscent,
681 1198 760 1277 quod
778 1197 842 1257 hoec
861 1198 965 1269 fusius,
984 1198 1010 1257 ai
1028 1197 1158 1276 cogitent
1169 1216 1245 1276 prte-

258 1294 365 1364 sertim,
388 1295 569 1354 munua'veri
594 1295 686 1355 critici
711 1312 776 1353 ease
797 1314 832 1354 ac
857 1294 994 1361 censoria,
1019 1304 1078 1352 non
1103 1293 1245 1352 literalem

257 1389 361 1465 ejicere
375 1391 452 1462 alibi,
473 1402 523 1451 aut
543 1392 726 1452 innocentem
747 1389 888 1469 syllabam
908 1391 1056 1460 damnare,
1076 1409 1175 1449 vocem
1193 1388 1246 1448 tol·

256 1486 316 1545 lere
335 1487 402 1547 alibi
420 1499 471 1547 aut
491 1489 656 1560 emendare,
676 1488 729 1547 aed
749 1487 860 1546 sincere
879 1486 916 1546 de
929 1486 1094 1546 auctoribus
1108 1506 1144 1545 ac
1158 1486 1244 1544 rebus

253 1582 404 1660 judicare:
425 1584 503 1661 qu'od
523 1595 553 1643 et
572 1584 671 1643 solidae
685 1594 716 1643 et
736 1584 875 1642 absolutae
889 1583 1057 1643 eruditionis
1071 1593 1124 1642 eat.
1166 1585 1244 1652 Quo,

256 1679 286 1736 ni
299 1678 393 1750 fallor,
409 1699 508 1738 ornnes
523 1681 688 1759 aspiramus.
732 1678 837 1758 Neque
852 1680 911 1745 nlla
924 1680 953 1738 in
971 1700 1003 1751 re
1017 1680 1107 1758 magia
1121 1679 1244 1758 antiqui·

256 1785 300 1834 tas
313 1776 426 1854 praeivit
434 1775 526 1837 nobie.
568 1777 617 1836 De
631 1776 794 1837 auctoribus
809 1789 905 1838 autem
921 1777 1048 1848 cornicis,
1065 1788 1130 1836 uter
1142 1776 1244 1834 melina

251 1871 386 1947 judicare
399 1874 544 1951 potuerit;
564 1873 625 1932 iane
639 1875 689 1951 qui
708 1882 795 1931 aetate
813 1871 864 1930 illa
882 1870 962 1941 vixit,
979 1889 1037 1948 qua
1050 1870 1088 1928 ad
1101 1884 1245 1947 nummum

256 1968 379 2027 culmem
392 1969 488 2047 poesis
503 1970 643 2048 pervenit,
657 1969 705 2047 qui
723 1978 812 2047 poeta
825 1988 962 2038 summus,
976 1987 1104 2027 summus
1116 1966 1243 2036 criticus,

256 2065 434 2125 familiariter
445 2087 511 2126 cum
522 2066 639 2126 Caesare
651 2067 784 2143 Augusto
799 2085 834 2124 ac
848 2064 1015 2123 Maecenate
1034 2064 1115 2135 vixit,
1130 2082 1244 2122 eorum·

155 2172 158 2177 '
258 2181 315 2242 que
336 2175 424 2241 atque
449 2163 569 2222 aliorum
589 2162 716 2242 qnotidie
741 2161 778 2220 de
798 2160 842 2220 hia
862 2161 972 2235 judicia
994 2160 1122 2227 audivit:
1143 2179 1181 2218 an
1193 2159 1243 2238 qui

258 2259 345 2319 hodie
355 2260 456 2319 harum
471 2279 568 2320 rerum
581 2260 666 2341 plane
681 2256 806 2338 imperiti
815 2256 966 2332 judicante
984 2256 1038 2336 ipai
1051 2255 1184 2317 viderint.

614 2634 907 2730 narrana=

475 2849 523 2891 DE
549 2848 699 2892 ORDINE
726 2846 1018 2891 COMOEDIARUM·

567 2989 980 3086 Pna.annannn.fl

296 3149 401 3210 Omnia
424 3169 481 3210 non
500 3161 566 3209 sunt
587 3150 673 3229 plana
693 3160 780 3229 atque
800 3150 918 3230 liquida.
968 3150 1091 3209 Primam
1112 3151 1240 3209 omnium

255 3265 416 3307 nnnnrnnr
441 3266 515 3317 esse,
536 3247 627 3325 liquet
650 3266 687 3305 ex
711 3247 831 3318 Donato,
851 3246 1018 3325 praefatione
1039 3246 1068 3304 in
1090 3247 1239 3308 Andriam.

255 3346 323 3402 Huc
340 3345 428 3420 primu
448 3361 510 3402 actu
523 3352 562 3401 eat
577 3341 662 3401 Ludis
675 3344 888 3422 Megalensibus,
903 3328 954 3401 dte.
996 3341 1138 3402 Suetonius
1154 3344 1241 3402 Trun-

253 3443 350 3519 qur'llue
364 3437 392 3499 in
406 3440 465 3499 vita
476 3437 621 3499 Terentii:
640 3439 756 3517 Scripsit
767 3440 903 3498 comodioa
912 3461 967 3511 eeu,
981 3461 1012 3500 eu
1023 3439 1116 3519 quidus
1125 3441 1240 3517 primam

253 3538 394 3610 Andrium,
405 3558 465 3596 cum
478 3537 610 3621 AEdt'libua
624 3537 709 3596 duret.
751 3536 838 3602 Quod
857 3546 887 3594 et
899 3546 1041 3595 testantur
1054 3536 1085 3595 hi
1097 3556 1196 3597 versus
1208 3536 1239 3595 in

253 3635 365 3694 Andria
373 3637 507 3715 prologo:

442 3795 536 3850 Favete,
546 3793 624 3839 adonta
634 3805 700 3852 nequo
709 3790 793 3845 animo,
804 3796 828 3836 et
837 3805 885 3837 rern
896 3790 1028 3851 eognosoite

347 3885 351 3892 ‘
444 3873 477 3920 Ut
486 3872 636 3933 permaneatis,
644 3871 727 3931 enquid
740 3871 789 3932 spei
801 3872 830 3918 ait
840 3872 966 3933 reliquam:

444 3952 547 3999 Poatbao
557 3968 613 4014 quaa
624 3952 691 3999 laniet
700 3952 731 3999 de
740 3952 830 4018 integro
841 3953 973 4010 comedin,

436 4035 587 4097 *Speotandm
597 4050 625 4081 an
637 4033 756 4096 exigendae
768 4034 813 4081 sint
821 4035 887 4082 vobio
895 4035 965 4098 priua.

252 4173 367 4233 Editam
380 4181 524 4233 testantur
537 4169 802 4243 cunvDidascalie
822 4185 884 4233 tum
907 4175 1070 4247 Suetonius,
1093 4174 1139 4233 Μ.
1156 4174 1239 4234 Mar·

250 4270 336 4340 cello,
361 4271 422 4331 'Cin
449 4269 572 4349 sulpitio
594 4269 680 4330 coss.
701 4269 759 4360 lton
784 4282 838 4347 eat,
862 4289 940 4334 anno
958 4275 998 4335 'ab
1022 4275 1095 4362 urbe
1118 4272 1239 4335 condita

250 4383 438 4430 nimum.
