2917 4950
484 424 550 485 DE
580 423 821 489 THBA'TRO.
1040 425 1149 489 bassii

169 603 704 684 diraautdlucrtgtadlvidarmtur.
723 603 1151 686 hufflaoenamtoaregte

168 698 548 776 minocentaurum
560 701 782 783 qamrrtrimqae
794 702 1082 784 fumuat'compon‘ta
1093 704 1154 779 lar·

163 801 263 877 piteliu
274 818 343 878 quta
362 808 449 859 vocat
465 798 623 870 Vitruvius,
640 816 658 857 a
675 799 779 879 quibus
791 809 904 869 aetorm
914 801 1055 879 prodiisse
1067 809 1150 880 puto.

169 893 307 955 Omnium
332 913 495 969 scenarum,
515 913 587 974 quas
608 894 734 954 Romani
753 895 784 953 in
803 896 917 955 theatro
937 904 1063 975 unquam
1082 916 1150 957 cea·

168 998 342 1064 struxerunt,
355 993 443 1071 lenge
455 990 631 1065 nobilissima
639 991 695 1050 fuit
704 1011 750 1062 ea,
761 1010 847 1070 quarn
857 991 901 1051 M.
912 991 1032 1052 &eurus
1041 992 1071 1051 iu
1081 991 1152 1052 edi·

167 1088 248 1149 litate
274 1107 328 1149 sua
354 1087 524 1148 construxit.
565 1087 640 1147 Eam
656 1074 798 1167 triplicem
816 1086 905 1147 lubae
921 1089 1012 1148 refert
1031 1087 1150 1158 Plinius,

169 1185 320 1247 altitudine
338 1203 439 1246 ccccx
457 1186 664 1245 columnarum
703 1184 766 1242 lma
782 1203 848 1262 pars
865 1202 963 1243 scena
975 1202 1152 1244 marmoreos

168 1280 268 1342 babuit
280 1282 416 1361 parietes,
428 1300 488 1341 non
497 1281 583 1341 facile
597 1279 717 1340 dixerim
729 1294 825 1340 sectos
838 1299 876 1338 an
888 1277 985 1339 solidis
996 1278 1088 1357 glebis
1101 1299 1152 1359 po-
1231 1314 1232 1317 =

168 1376 244 1436 litos.
286 1377 382 1436 Media
393 1376 449 1435 fuit
464 1376 572 1449 evitro,
586 1375 713 1457 inaudito
727 1376 814 1436 etiam
826 1385 931 1455 postea
945 1393 1052 1454 genere
1065 1376 1151 1435 luxu·

168 1473 228 1534 riae.
270 1472 397 1533 Summae
409 1472 516 1533 tabulis
532 1472 668 1532 inauratis
686 1471 837 1544 columnae,
850 1473 917 1531 imae
930 1462 1153 1549 duodequadra-

170 1590 277 1650 genum
289 1570 405 1649 pedum.
427 1569 518 1649 Signa
530 1588 616 1629 cerea
624 1569 700 1629 inter
711 1552 860 1629 columnas
872 1568 1000 1639 fuerunt,
1013 1567 1070 1627 tria
1088 1556 1153 1626 mil·

170 1667 208 1727 lia
219 1686 350 1727 numero.
385 1666 445 1727 Sed
459 1678 489 1726 et
503 1666 630 1745 reliquus
642 1675 796 1744 apparatus
809 1675 907 1723 tantus
919 1653 1047 1723 Attalica
1059 1674 1151 1735 veste,

169 1764 273 1824 nbula
283 1764 378 1843 pictis,
394 1774 561 1841 caeteroque
575 1761 712 1840 choragio
723 1761 790 1832 fuit,
805 1771 839 1819 ut
850 1760 880 1818 in
895 1747 1089 1819 Tusculanam
1100 1760 1153 1819 vil·

171 1859 227 1919 lam
245 1860 399 1940 reportatis
412 1879 478 1938 qua
497 1858 712 1939 superfluebant
726 1842 883 1937 quotidiani
896 1876 965 1916 usus
977 1855 1098 1929 deliciis,
1111 1856 1155 1915 ln·

171 1956 333 2015 censavilla
346 1959 383 2014 ab
395 1957 476 2029 iretis
493 1956 582 2014 servis
595 1964 828 2031 concremaretur
846 1953 888 2013 'ad
908 1952 1071 2013 sestertium
1090 1952 1153 2011 inil-

170 2052 231 2112 lies.
270 2051 415 2111 Stenarum
428 2043 526 2110 autem
540 2052 592 2130 (ait
606 2049 767 2126 vitruvius)
780 2042 889 2127 genera
906 2061 973 2108 sunt
984 2050 1049 2122 tria,
1063 2052 1153 2110 unum

171 2149 248 2229 quod
257 2147 361 2208 dicitur
375 2148 519 2226 tragicum,
533 2157 621 2226 atque
633 2146 665 2205 id
678 2146 805 2207 omnium
816 2132 1071 2207 sumtuosissimum
1081 2147 1154 2208 luit:

172 2231 290 2305 alterum
302 2245 448 2304 cubricum:
467 2243 585 2323 tertium
602 2244 755 2321 cumaeam
796 2243 911 2303 Horum
926 2255 1022 2304 autem
1037 2240 1154 2305 ornatus

171 2352 237 2400 aunt
249 2342 324 2401 inter
337 2360 369 2400 se
388 2338 547 2412 dissimiles,
562 2339 723 2423 disparique
736 2339 862 2399 ratione:
884 2342 996 2419 tragica
1012 2341 1088 2400 enim
1102 2342 1154 2401 de·

171 2437 326 2501 formantur
343 2435 493 2510 columnis,
509 2435 632 2516 fastigiis
650 2446 680 2496 et
698 2436 797 2516 signis,
816 2436 990 2517 reliquisque
1006 2435 1153 2517 regalibus

170 2536 263 2595 rebus.
306 2535 419 2608 Coraicoe
435 2545 533 2594 autem
552 2533 739 2613 aedificiorum
765 2532 942 2613 privatorum
963 2543 994 2591 et
1005 2534 1153 2593 meniana·

170 2649 231 2690 rum
243 2630 354 2690 habent
372 2630 511 2709 speciem,
531 2642 761 2709 prospectusque
779 2629 915 2689 fenestris
936 2628 1101 2708 dispositos,
1116 2630 1156 2689 ad

170 2727 357 2787 imitationem
370 2727 565 2786 communium
577 2726 773 2786 edificiomm.
793 2725 924 2802 Satyrione
933 2745 1002 2785 vero
1012 2713 1158 2785 ‘ornantur

170 2825 327 2895 arboribus,
341 2822 497 2903 speluncis,
515 2822 671 2896 montibus,
687 2823 864 2903 reliquisque
882 2822 1043 2900 agrestibus
1056 2823 1157 2893 rebus,

168 2921 198 2979 in
210 2920 325 3001 topiarii
338 2919 433 3000 operis
446 2918 575 2999 speciem
585 2903 772 2980 deformatis.
813 2919 884 2977 Post
900 2927 1016 2977 scenam
1036 2919 1156 2993 perticus
1187 2971 1188 2974 ,

171 3030 250 3078 erant
264 3027 450 3087 constructa,
465 3035 525 3096 quo
537 3035 626 3095 quum
643 3017 749 3076 imbres
766 3015 908 3096 repentini
920 3014 1004 3072 ludos
1021 3014 1157 3092 interpel-

169 3113 305 3184 laverunt,
320 3122 431 3172 actores
443 3133 476 3173 se
489 3113 667 3192 recipiebant
676 3134 716 3174 ex
735 3110 854 3194 pulpito,
868 3120 919 3170 aut
931 3109 962 3169 in
974 3109 1080 3189 quibus
1089 3097 1156 3170 'ves-

170 3209 241 3270 tium
254 3209 503 3281 commutationes,
525 3220 556 3270 et
575 3229 762 3289 personarum
778 3207 946 3290 indumenta
964 3207 1157 3269 adservaban-

170 3313 224 3367 tur.
265 3306 363 3385 Ipsam
377 3317 476 3366 autem
494 3315 682 3387 personarum
701 3303 988 3384 repraesentationem
1008 3302 1038 3362 in
1056 3291 1156 3376 scena,

171 3412 257 3481 atque
271 3402 346 3461 adeo
359 3402 599 3479 compositionem
620 3390 781 3478 comaediae,
793 3399 893 3461 Graeci
904 3403 997 3459 drama
1005 3410 1159 3460 vocarunt.

174 3498 233 3559 Sed
247 3509 278 3559 et
290 3516 409 3559 scenam
421 3508 526 3572 vocant
534 3497 648 3567 comici,
662 3495 801 3576 quicquid
811 3498 878 3557 due
895 3508 946 3556 aut
956 3508 1015 3557 tres
1025 3513 1159 3576 personae

172 3595 310 3655 sermonis
323 3593 430 3674 integri
443 3605 474 3654 et
487 3594 609 3655 absoluti
622 3593 834 3671 colloquuntur,
853 3593 969 3672 illicque
982 3592 1045 3651 finit
1057 3611 1157 3662 scena,

171 3689 222 3751 ubi
234 3701 285 3751 aut
304 3691 402 3773 aliqua
421 3710 546 3773 persona
562 3687 780 3770 introgreditur,
798 3700 850 3749 aut
863 3688 920 3748 alia
933 3688 970 3772 ad
981 3687 1092 3758 ‘lorum,
1107 3698 1159 3751 aut

172 3787 240 3848 alibi
253 3788 292 3848 ad
305 3787 429 3860 uicinam
442 3787 542 3862 currit.
585 3787 670 3847 Aetas
688 3795 787 3847 autem
804 3785 899 3864 plures
918 3802 1019 3844 scenas
1033 3770 1160 3862 compre·-

171 3881 329 3946 bendebat.
360 3882 472 3962 Estque
485 3883 515 3944 in
529 3882 670 3943 comoedia
682 3895 750 3964 pare
762 3881 973 3961 quodammodo
986 3881 1120 3941 absoluta
1129 3892 1161 3941 et

173 3980 294 4060 integra,
308 3980 438 4041 nondum
449 3990 547 4040 tamen
560 3997 622 4039 rem
636 3993 752 4058 omnem
770 3975 890 4037 liniens:
911 3978 965 4037 sed
976 3977 1016 4037 ita
1029 3977 1161 4038 dimidia·

173 4084 230 4137 mm
239 4075 417 4156 relinquens,
431 4087 465 4136 ut
478 4076 621 4157 respirent
633 4087 823 4156 spectatores,
834 4084 864 4133 et
875 4073 989 4133 facilius
1003 4077 1160 4152 commute-

173 4186 230 4246 tur,
238 4172 378 4253 quicquid
390 4173 421 4232 in
434 4169 550 4251 reliquis
561 4170 713 4250 comaediae
720 4171 853 4251 partibus
863 4168 1009 4249 superest}
1022 4171 1053 4229 id
1064 4182 1160 4231 autent
1213 4235 1216 4239 Α

171 4277 250 4328 ‘miae
261 4277 424 4329 commutare
437 4269 583 4344 dicebant
622 4268 742 4348 Interea
755 4267 833 4326 mimi
847 4266 966 4327 dicteria
987 4279 1018 4328 et
1032 4268 1162 4330 diverbia
1187 4255 1192 4260 ⁴

174 4363 349 4439 referebant,
368 4365 623 4446 recitabanturque
634 4363 735 4442 nescio
747 4379 819 4444 qam
826 4363 968 4446 jucunda,
982 4381 1050 4446 qna·
1069 4381 1160 4444 popu·

174 4460 233 4520 loni
261 4461 318 4523 aba
342 4462 535 4526 oblectatione
555 4459 728 4526 afficerent..
754 4459 791 4521 ln
812 4461 953 4523 conroedia
972 4481 1043 4521 vero
1063 4462 1160 4540 plum
