2917 4950
242 457 307 526 322

599 439 913 556 censesne

242 645 354 723 Prius,
369 645 459 709 uude
474 646 610 728 petitur,
627 655 746 710 aurum
760 663 867 730 qnare
882 643 928 711 sit
941 615 1053 725 suum,

243 755 357 834 Quam
369 756 427 820 ille
441 757 500 839 qui
515 757 611 839 petit,
627 754 716 821 unde
731 758 763 821 is
779 761 824 825 sit
838 758 1016 825 thesaurus
1029 757 1108 836 sibi,

242 966 325 1030 diem]
344 965 497 1015 Thensonrnm
514 968 591 1016 bstiui
601 976 694 1017 veteres
704 985 741 1016 se·

241 1039 342 1086 cundum
352 1038 457 1097 Grecos,
475 1040 525 1088 sine
536 1058 552 1087 n
562 1041 629 1090 litera
639 1043 742 1103 profere-

241 1113 304 1157 bant.
321 1112 395 1173 Atque
410 1113 436 1158 in
446 1112 567 1176 themanni
583 1116 669 1175 scripsit
687 1130 742 1160 con·

791 970 930 1031 reprehendi
940 976 984 1017 no‘n
995 977 1098 1031 possum.
1117 969 1209 1017 Placuit
1215 969 1240 1035 tn
1249 967 1290 1016 hnc

792 1042 905 1090 comcedis
911 1040 1171 1103 nnncprercriptionem
1177 1042 1238 1090 solvi
1244 1043 1275 1090 sio
1283 1059 1288 1087 :

791 1127 819 1162 ne
821 1111 953 1179 saturetur
959 1115 1002 1177 lpse
1007 1128 1037 1169 so,
1044 1122 1086 1161 out
1095 1115 1126 1162 sic
1134 1115 1226 1176 cogitet:
1244 1107 1289 1161 Ds-

241 1183 375 1249 tomdicere]
388 1184 601 1248 ArguitTerenti'us
610 1189 672 1248 quod
682 1190 742 1234 Lus·
784 1183 938 1249 fnnctnsjom
949 1199 1006 1244 urm,
1014 1185 1073 1233 nihil
1081 1187 1175 1248 scqeod
1182 1186 1290 1252 dientem

243 1257 294 1303 cius
304 1267 384 1304 contra
394 1259 582 1307 cousuetudinem
594 1261 742 1320 litigantium,

243 1330 399 1378 defensionem
410 1333 462 1379 aute
470 1334 639 1380 accusationem
658 1332 743 1379 indux-

245 1403 306 1462 erit,
321 1403 454 1464 hujusmodi
475 1406 535 1453 enim
553 1413 590 1454 est
611 1405 689 1454 Luscii
708 1420 744 1452 ar-

244 1482 394 1537 gumentum:
412 1477 555 1534 adolescens,
566 1480 606 1540 qui
614 1495 661 1526 rem
678 1477 744 1524 temi-

242 1547 324 1596 liarenn
343 1550 371 1596 ad
386 1550 510 1612 nequitiam
530 1551 677 1613 prodegerat,
697 1566 744 1598 ser·

245 1633 300 1667 sum
323 1621 396 1670 mittit
419 1625 449 1670 ad
468 1624 542 1684 patris
564 1625 745 1678 monumentum,

244 1695 306 1753 quod
323 1711 394 1744 senex
411 1696 456 1743 sibi
473 1698 541 1745 vivus
552 1699 642 1761 magnis
661 1697 745 1759 opibus

243 1777 402 1828 apparaverat,
424 1777 450 1817 nt
466 1769 491 1816 id
512 1771 620 1831 aperiret,
636 1772 744 1818 illaturus

243 1837 333 1901 epulas,
351 1858 407 1903 ques
428 1847 495 1903 pater
514 1849 570 1903 post
586 1859 668 1892 annum
680 1844 745 1891 deoi-

244 1928 305 1960 mum
329 1921 422 1961 caverat
444 1915 490 1962 sihi
512 1915 600 1962 inferri.
625 1917 667 1973 sed
692 1933 744 1963 eum

243 2001 331 2047 agrum,
341 1986 365 2040 in
374 2002 419 2049 qno
428 1995 598 2035 monumentum
605 1995 662 2046 erat,
673 2005 745 2036 senex

245 2056 338 2116 quidam
349 2073 434 2105 esame
446 2061 474 2105 ab
486 2059 632 2107 adulescente
649 2068 743 2107 emerat.

244 2128 331 2176 Servus
353 2131 383 2177 ad
403 2131 554 2194 aperiendum
573 2142 744 2180 mouumentum

244 2201 332 2248 auxilio
345 2218 399 2251 usus
406 2206 475 2260 senis,
483 2207 615 2252 thesaurum
623 2222 675 2253 cum
684 2207 745 2269 epis·

244 2274 293 2320 tola
302 2275 390 2323 ibidem
405 2278 500 2341 reperit.
522 2279 599 2326 Senex
612 2280 745 2327 thesaurum

244 2352 351 2408 tunquam
368 2355 422 2397 sse
439 2367 481 2413 per
495 2353 617 2401 tumultum
636 2353 744 2400 hostilem

244 2418 295 2465 illic
311 2420 429 2470 delossum
440 2424 532 2481 munet,
543 2433 567 2473 et
577 2427 623 2473 sibi
632 2426 744 2474 vindicat.

243 2491 387 2565 Adolescens
392 2497 496 2557 judicem
508 2498 586 2562 capit:
603 2501 665 2562 upud
676 2517 744 2561 quem

164 2600 168 2605 ,
242 2567 307 2629 prior
316 2584 396 2627 senex,
407 2571 447 2631 qui
457 2586 537 2618 aurum
548 2573 641 2627 retinet,
652 2589 744 2620 causam

245 2654 310 2705 suam
321 2641 355 2688 sic
367 2641 414 2702 agit
424 2660 429 2688 :
441 2641 590 2701 Athenienses,
600 2645 681 2691 hellene
692 2661 744 2692 cnm

245 2709 405 2760 Rhodiensibus
413 2713 479 2767 Quod
481 2715 569 2779 suerit,
586 2718 642 2778 qnid
653 2732 693 2780 ogo
708 2717 745 2764 hic

242 2785 358 2842 predicent
365 2788 377 2831 l
385 2786 458 2849 (Haec
468 2790 540 2834 verbe
547 2794 632 2842 notata,
641 2790 744 2837 essedae

245 2858 407 2919 versusipsius
421 2859 509 2914 Luscii,
521 2861 609 2920 primus
617 2863 745 2922 deprehen-

245 2928 281 2973 dit
293 2929 421 2977 Bentlcius.
432 2928 474 2995 Z.)
486 2939 509 2979 et
521 2942 612 2991 caetera,
629 2951 679 2996 quae
690 2951 745 2981 cun·

245 3006 281 3046 tra
302 3011 406 3049 naturam
425 3005 532 3064 jurisque
555 3008 744 3055 consuetudinem

244 3073 530 3137 pusitaergumentanotat
537 3080 672 3127 Terentius:
682 3080 745 3141 quod

244 3144 286 3191 ille
297 3148 354 3193 erdo
364 3148 445 3219 potior
452 3157 510 3204 erat,
521 3151 688 3198 utedolesoens
697 3152 744 3215 pri-

245 3234 271 3264 or
282 3228 422 3281 proponeret
431 3236 530 3278 ouusam,
540 3223 578 3284 qui
586 3225 744 3285 petitorindu-

246 3291 313 3337 citur.
331 3293 380 3339 D„

275 3360 377 3426 Scripsit,
393 3382 483 3415 conum
501 3368 585 3434 dicere]
612 3370 639 3418 ln
658 3387 744 3419 oomoe·

792 1258 824 1305 tt.
842 1259 888 1304 Sed
899 1259 958 1305 hano
967 1258 1162 1321 prescriptionem
1173 1258 1251 1316 donst,
1268 1266 1292 1306 st

792 1331 908 1386 admonet,
918 1345 947 1377 nc
961 1338 1059 1391 peccet,
1074 1344 1142 1391 quam
1151 1337 1200 1376 retu
1211 1331 1291 1378 subtili

793 1402 937 1450 accusatione
955 1400 1093 1463 composuit.
1119 1400 1159 1449 lix
1174 1401 1219 1449 hoc
1230 1402 1290 1449 enim

792 1474 846 1535 plus
857 1481 992 1524 accusatura
1003 1473 1118 1536 siqnidem
1127 1471 1157 1521 de
1166 1474 1292 1535 praeteritis

794 1555 819 1595 s'e
830 1549 916 1597 donare
926 1548 1041 1609 promittit
1059 1545 1155 1603 crimen,
1173 1543 1198 1594 e't
1213 1551 1291 1595 monet

793 1622 860 1681 qnasi
869 1619 953 1668 iterem
963 1624 1120 1680 peccaturum.
1136 1618 1210 1668 Simul
1218 1618 1292 1668 etalit

793 1691 865 1741 inulta
873 1692 999 1740 criminase
1008 1692 1093 1740 donnes
1100 1689 1169 1751 dioit3
1176 1707 1236 1740 nuno
1243 1693 1293 1739 nol·

793 1766 824 1822 le,
838 1769 863 1814 et
877 1763 1027 1813 nihilominus
1043 1772 1126 1825 postea
1142 1765 1204 1812 nolle
1217 1761 1291 1830 (lego.

793 1837 860 1902 nelle)
870 1838 1018 1894 maledicere,
1037 1836 1057 1883 si
1074 1845 1124 1887 tutu
1136 1838 1208 1886 tedae
1217 1835 1292 1885 inimi·

794 1926 848 1958 cus:
871 1910 955 1976 quibus
968 1912 1038 1957 rebus
1053 1913 1077 1957 et
1090 1911 1213 1970 personam
1228 1921 1293 1959 suam

795 1985 947 2040 commendet,
959 1992 984 2031 et
993 1982 1154 2031 adversarium
1165 1983 1199 2042 ,sd
1209 1983 1293 2031 confir·

794 2059 898 2105 mandam
907 2056 1073 2117 impudentiam
1082 2054 1170 2117 injecit.
1187 2057 1216 2105 lt.

827 2125 898 2192 Aeno
906 2147 922 2176 o
933 2128 1064 2191 thensauro]
1081 2127 1119 2177 lta
1129 2125 1223 2192 plurimi
1234 2135 1291 2177 vett

793 2203 818 2251 in
829 2204 893 2266 regio
902 2212 977 2250 tamen
993 2201 1128 2263 exemplari,
1146 2210 1213 2266 etque
1221 2218 1237 2249 a
1246 2201 1293 2248 the·

792 2292 865 2324 metro.
877 2276 925 2323 Sed
937 2276 1077 2333 theroanensis,
1085 2272 1225 2338 sonnerunt,
1234 2274 1294 2321 'alia-

794 2364 839 2409 que
855 2349 940 2396 similia
956 2347 1010 2395 olim
1030 2347 1147 2404 dicebant,
1162 2355 1188 2394 nt
1198 2347 1222 2394 in
1233 2347 1295 2394 Pan-

795 2421 863 2468 deote
872 2419 1013 2477 Florentino,
1024 2420 1076 2466 ood.
1090 2418 1207 2487 theodos,
1214 2417 1292 2467 Schol.

794 2490 879 2543 laven.
887 2503 911 2541 et
921 2493 977 2541 alibi
986 2493 1079 2554 legitur.
1092 2490 1232 2540 Ttennrem
1242 2492 1294 2540 Me-

794 2567 881 2615 nander
891 2566 1017 2627 scripserat
1029 2572 1054 2613 et
1066 2564 1187 2613 Philemo:
1199 2578 1294 2627 eamque

795 2638 889 2688 Plautus
900 2639 979 2695 vertit,
990 2644 1016 2685 ut
1026 2639 1076 2703 ipse
1087 2638 1171 2701 inquit,
1187 2634 1294 2686 lhinttnt·

794 2729 855 2761 metm
864 2727 957 2760 vocans.
974 2713 1003 2761 L.

826 2783 906 2845 Vulgo
916 2786 1005 2846 legunt,
1020 2786 1046 2831 tn
1057 2778 1168 2833 thesauro.
1186 2778 1295 2832 Deoieris
1330 2802 1335 2809 ·

793 2857 931 2916 dicit,velde
938 2873 1022 2910 errare,
1031 2857 1070 2918 qui
1076 2854 1205 2905 thesonnum
1211 2873 1295 2905 nomen

794 2930 924 2987 comoedlee,
930 2929 1091 2977 Phantasmate
1100 2926 1200 2977 diverse
1205 2936 1294 2998 putent,

794 3019 847 3050 oum
858 3002 887 3049 sit
898 3003 965 3049 lucus
975 3000 1080 3064 ejusdem
1096 3002 1188 3059 sahuloe,
1208 3004 1249 3050 uhi
1264 3002 1294 3049 de

794 3076 902 3122 thesauro
920 3081 1013 3135 reperto
1024 3078 1113 3135 egetur.
1130 3068 1161 3121 In
1173 3075 1247 3136 igitur
1255 3075 1293 3122 hio

794 3140 923 3209 significare
934 3148 968 3203 oh,
979 3147 1013 3194 uti
1022 3146 1047 3193 in
1057 3146 1160 3208 Prologo
1171 3142 1246 3196 Andr.
1254 3151 1294 3199 15.

793 3222 818 3266 ln
828 3235 852 3268 eo
862 3220 984 3282 disputent.
1007 3218 1034 3267 Ζ.

827 3296 858 3339 11
870 3290 948 3348 Peius,
958 3290 1211 3358 ondepetitnrontnn]
1220 3289 1295 3352 vno,

795 3380 871 3428 aquo.
880 3365 948 3429 Virg.
965 3365 1080 3419 AEu.1.,6.
1090 3380 1169 3435 ςσηιιοΙ
1176 3358 1237 3435 unde
1248 3367 1295 3416 lat·

246 3437 337 3485 dissue
356 3438 401 3485 huc
413 3449 573 3501 argumentum
584 3448 631 3490 est:
649 3443 745 3506 quidem
794 3441 876 3485 linum·
899 3436 957 3485 Nam
966 3439 1294 3507 possettottmseoitpriortm

245 3514 326 3573 ‘agrum
337 3511 458 3559 veneten:
477 3513 529 3561 nno
547 3513 628 3563 nabun
644 3516 745 3579 pannum
795 3526 871 3573 unere,
882 3508 950 3572 quim
964 3511 1102 3572 petenen:
1113 3515 1177 3575 quon
1188 3515 1294 3566 annone

245 3583 417 3640 monimentum,
428 3585 452 3631 in
463 3601 508 3647 quo
524 3587 645 3635 thesauros
655 3597 746 3649 emptor
796 3584 982 3631 sconsuetudine
991 3590 1015 3630 ot
1022 3582 1082 3644 juris
1093 3590 1117 3631 et
1124 3584 1208 3633 lidum.
1226 3586 1257 3634 D.

244 3656 349 3704 invenit:
367 3659 481 3718 comperit
491 3666 564 3708 emtor
574 3661 695 3726 (venditor
705 3660 746 3726 Ζ.)
831 3655 895 3704 Unde
904 3656 1002 3721 petitur]
1019 3658 1039 3704 1.
1047 3670 1143 3727 eaque
1148 3659 1237 3722 petitur
1245 3658 1295 3707 sies

246 3729 270 3775 in
279 3729 394 3790 iudicium
403 3730 503 3778 venitur.
515 3734 603 3795 Utique
615 3749 646 3780 ex
656 3733 746 3780 ratione
795 3745 868 3777 reum.
885 3730 929 3777 Est
947 3742 978 3777 ex
989 3742 1094 3777 sermons
1111 3731 1295 3780 turnonnntor.

247 3808 271 3847 et
286 3817 316 3847 ex
334 3803 500 3850 cousuetudine
516 3807 581 3866 prior
597 3804 663 3866 loqui
676 3805 747 3853 debet
796 3802 836 3864 qui
846 3809 947 3849 actorem
959 3802 1049 3859 dicunt,
1059 3810 1164 3864 penset
1170 3807 1296 3869 petitorem,

245 3872 295 3937 ille,
306 3873 345 3934 qui
356 3873 423 3934 petit.
440 3875 532 3922 Petito'r
542 3886 618 3929 antem
634 3878 673 3924 hic
691 3893 746 3924 ven·
795 3889 868 3930 reum,
880 3875 1041 3935 undepotitur.
1050 3890 1071 3922 v.
1079 3874 1170 3923 Manat.
1180 3877 1209 3923 ad
1219 3877 1294 3925 Cicer.

246 3943 309 3991 ditor
320 3954 369 3992 est:
382 3952 407 3992 ut
418 3948 518 3995 secando
529 3949 581 3996 loco
597 3950 745 4011 respoudeat,
796 3945 864 4008 epist.
880 3945 909 3995 ed
921 3946 977 3994 niv.
989 3942 1046 3994 Vll.
1059 3948 1097 3996 11.
1116 3954 1142 3995 et
1151 3938 1254 3999 Gronovss
1264 3949 1295 3996 'ad

247 4033 261 4062 a
272 4034 317 4078 quo
327 4017 423 4077 petitur,
433 4019 479 4065 hoc
491 4026 536 4076 cst,
552 4029 632 4069 emtor.
648 4022 680 4069 ,tt
690 4038 746 4068 con·
795 4018 877 4066 Seuec.
893 4019 924 4066 de
935 4026 1048 4068 constant.
1060 4036 1081 4067 o.
1094 4024 1133 4069 14.
1145 4014 1245 4069 Videtur
1257 4036 1297 4071 nu·

246 4097 283 4137 tra
293 4089 396 4137 Luscius
403 4090 520 4139 Lnnvinus
530 4094 593 4150 tecit,
604 4099 630 4140 ut
638 4094 702 4156 prior
711 4095 747 4141 lo·
795 4099 843 4139 tem
852 4093 877 4140 iu
884 4099 953 4155 poeta
960 4093 1089 4156 ignorantis
1099 4094 1189 4143 ordinis
1195 4086 1297 4158 judicio·

247 4169 365 4226 queretur,
377 4165 437 4210 unde
452 4165 545 4227 petitur,
563 4181 629 4227 quarn
639 4166 687 4224 ille,
705 4166 747 4229 qui
790 4180 864 4231 ⁴rutn3
877 4181 929 4213 nam
938 4173 1002 4213 actor
1017 4167 1083 4230 prins
1093 4182 1189 4216 oausam
1195 4166 1296 4227 dicebat,

247 4235 314 4299 petit.
333 4237 396 4296 Ergo
411 4238 542 4299 propositio
556 4236 660 4285 criminis
676 4239 747 4285 oollo·
797 4244 847 4293 tum
856 4254 918 4296 reus,
929 4239 969 4300 qui
978 4240 1142 4301 respondebat.
1159 4241 1190 4289 R.
1203 4241 1236 4289 D.

248 4321 300 4357 cata
308 4316 357 4356 est:
368 4309 451 4372 incipit
457 4312 517 4379 enim
529 4310 580 4375 ejus
589 4326 747 4377 cautequae·
829 4316 860 4361 te
878 4311 952 4365 Quom
961 4312 1001 4374 tlte
1010 4315 1049 4376 qni
1053 4313 1121 4378 petit]
1138 4314 1214 4362 Deest
1228 4312 1296 4381 dt'ont.

247 4382 289 4429 tio.
318 4383 439 4443 deprimo
450 4384 632 4446 praesoriptiouis
648 4390 684 4431 est
700 4390 747 4431 sta·
798 4376 844 4437 in
852 4383 920 4446 petit]
937 4382 966 4430 ld
975 4391 1019 4447 est,
1026 4384 1119 4447 petitor.
1133 4386 1207 4440 anm
1214 4386 1252 4439 ille
1258 4391 1297 4449 poi

248 4456 419 4516 tns,potcstque
427 4458 504 4505 dicere
511 4457 612 4506 Luscius
621 4457 746 4513 Lanviuus,
794 4456 865 4520 petit]
887 4457 957 4505 Esset
976 4464 1039 4508 recta
1057 4459 1180 4506 locutioni
1200 4459 1296 4521 diceret,
