2917 4950
415 452 595 518 VICTOR
625 453 691 516 DE
726 455 969 519 comma.
1123 459 1185 525 init

206 633 328 715 reliquit.
368 635 414 696 Ea
430 635 516 715 igitur
534 634 707 713 παράβασις,
725 648 845 697 anctore
864 636 1015 697 Demetrio
1035 638 1185 714 Triclinio,

207 754 270 814 quoe
290 733 384 793 nullas
407 734 508 793 harum
529 744 627 812 partes
649 733 763 803 omittit,
783 733 914 812 perfecta
933 734 1185 815 solerappetlnt:

208 831 318 910 qualem
332 831 539 910 Aristophanes
549 830 578 889 in
593 829 746 909 Equitibus
754 830 853 889 fabula
865 830 1054 890 concinnavit.
1075 831 1185 893 Verum
1309 880 1311 893 .

207 930 367 1008 complures
386 928 556 1008 imperfecte
576 947 628 1007 pro
652 926 769 986 arbitrio
788 938 939 1005 poetarum
957 926 1136 987 inseruntur:
1156 929 1186 988 id

161 1084 163 1091 ,
182 1062 185 1067 ·
209 1026 282 1105 quod
293 1026 372 1085 idern
383 1025 412 1083 in
426 1026 549 1085 Nebulis
563 1023 661 1083 fabula
670 1022 761 1095 fecit:
785 1024 834 1082 nbi
847 1024 940 1083 solum
953 1025 1096 1104 ἐπίρῥὴμα,
1108 1026 1186 1104 quod

210 1132 283 1181 essct
304 1122 379 1191 uitiis
399 1123 549 1201 carpendis
572 1118 830 1190 accommodabam,
849 1119 975 1189 induxit,
994 1121 1073 1187 acin
1093 1122 1186 1181 Ranis

207 1230 326 1296 quatuor
339 1220 388 1278 illa
397 1230 509 1279 tantum
519 1222 672 1297 conjuncte
684 1216 820 1295 reposuit·
850 1216 911 1276 Sed
923 1217 996 1276 illud
1004 1227 1049 1277 est
1058 1217 1186 1278 animad.

207 1316 335 1375 versione
346 1316 474 1393 dignum,
495 1314 572 1394 quod
581 1315 720 1395 ἐπίρῥὴμα
734 1323 764 1371 et
777 1318 874 1394 στροφὴ
888 1313 948 1372 sive
961 1317 1056 1392 μελος,
1070 1315 1187 1393 quando

206 1412 312 1470 nullam
326 1413 570 1490 ἁντεπιῤῥήματος,
580 1422 629 1470 aut
636 1413 817 1489 ἀντιστρόφου
829 1408 997 1468 reditionem
1007 1422 1185 1490 exspectant,

207 1509 305 1567 influe
319 1528 433 1587 semper
450 1509 559 1568 habent
577 1508 772 1586 παράγραφον,
793 1516 826 1565 ut
845 1525 902 1564 non
923 1525 986 1566 esse
1006 1508 1185 1588 rnrdrxruw,
1309 1516 1313 1522 '

207 1604 306 1675 idest,
326 1604 451 1663 obnoxie
468 1604 561 1683 posita
579 1604 749 1662 rideanturz'
772 1602 1005 1681 quandoquidem
1023 1604 1089 1663 haec
1108 1604 1186 1667 linea

204 1711 367 1760 nansversa
379 1701 562 1780 παράγραὴος
577 1699 696 1770 scilicet,
721 1699 778 1758 tria
794 1699 852 1769 illa,
863 1719 939 1777 =quae
957 1699 1089 1774 diximus,
1110 1701 1186 1761 inter

207 1817 237 1856 se
250 1798 376 1857 discreta
388 1797 523 1856 continno
536 1796 654 1856 claudit.
696 1796 807 1865 Verum
829 1794 853 1853 si
871 1794 998 1853 futuram
1014 1807 1186 1874 exspectant

204 1893 383 1964 raditionem,
406 1897 505 1973 στροφὴ
519 1903 580 1952 turn
593 1893 657 1950 haec
669 1891 755 1963 linea,
776 1911 844 1950 cmn
855 1911 914 1951 non
927 1911 1012 1952 secus
1025 1912 1061 1952 ac
1078 1893 1186 1971 ἐπίῤῥὴ-
1301 1928 1304 1935 »

205 2016 253 2069 μα,
274 1990 387 2049 duabus
401 1989 462 2048 aliis
475 1989 652 2059 terminatur,
674 2007 793 2067 quarum
811 1987 966 2046 coeuntium
981 1988 1104 2066 angulas
1119 2008 1185 2049 uer·

196 2096 254 2166 ·gat
265 2086 435 2171 introrsum:
457 2096 557 2144 contra
573 2104 642 2144 vero
655 2087 838 2165 ἀντίστροφος
851 2084 933 2144 lineis
945 2085 1089 2144 clauditur
1101 2086 1185 2159 binis,

123 2210 128 2219 ¹
206 2203 322 2261 quarum
344 2193 506 2241 extrorsum
523 2182 637 2261 utrique
658 2181 756 2258 anguli
775 2191 906 2259 vergant,
925 2180 1082 2241 hincinde
1099 2180 1186 2242 finale

206 2280 373 2348 membrum,
400 2296 518 2337 carmen
535 2278 646 2337 scilicet
666 2276 796 2335 ultimum
817 2276 1034 2355 amplectentes.
1075 2277 1186 2347 Verum¹

209 2375 292 2439 exiis
304 2376 446 2433 duntaxat
458 2392 517 2432 uno
530 2374 605 2432 solet
617 2375 804 2450 ἀντεπὴῤῥὴμα
820 2373 965 2435 concludi.
1006 2374 1081 2438 Quoe
1098 2374 1185 2452 plane

193 2471 287 2550 signa
297 2482 383 2551 prout
396 2470 493 2550 anguli
504 2491 568 2532 sese
581 2469 698 2541 habent,
721 2469 767 2530 vel
788 2468 923 2540 futuram,
945 2469 991 2528 vel
1010 2474 1185 2548 praeteritam

161 2591 164 2595 “
201 2567 371 2627 'reditionem
389 2567 555 2628 ostendunt.
595 2568 665 2626 Hoc
683 2565 852 2626 Demetrius
869 2565 918 2625 ille
937 2564 1090 2626 Triclinius
1116 2567 1187 2627 scri·
1280 2575 1285 2594 ⁸

200 2665 277 2724 bens
286 2665 315 2723 in
325 2663 550 2746 Aristophanem
561 2662 743 2740 excogitavit.
783 2662 981 2722 Veruntamen
990 2662 1186 2736 interemtam,

206 2771 300 2840 poetoe
312 2779 516 2840 nunnunquam
529 2778 665 2839 personas
679 2758 805 2818 educere
819 2759 923 2829 solent,
943 2778 1067 2836 quarum
1083 2760 1187 2820 disser-

206 2858 276 2917 tatio
299 2862 426 2935 σύστημα
445 2861 514 2916 κατὰ
536 2862 685 2934 περικοπὴν
700 2856 875 2935 appellatur:
895 2855 1039 2915 interdum
1057 2857 1186 2918 versibus

206 2951 322 3011 alternis
331 2953 539 3011 contendentes
547 2952 656 3029 aliquot
668 2952 818 3030 proferunt
829 2950 991 3021 histriones,
1011 2951 1186 3014 valcherum

206 3050 291 3108 etiarn
303 3049 543 3128 respondentem:
564 3048 642 3127 qnod
650 3047 962 3126 Hephaestionridetur
969 3050 1187 3129 ἀλλοιόστροφον

207 3145 360 3224 appellare.
389 3144 510 3210 =Verum
520 3146 572 3205 has
586 3155 616 3204 et
625 3145 696 3204 alias
708 3144 840 3204 consulto
852 3143 1112 3223 praetermittendas
1121 3159 1187 3207 eaoe

206 3243 326 3302 arbitror
340 3240 521 3320 questiones,
542 3261 608 3319 qnae
625 3241 697 3300 mira
718 3250 865 3319 poetarum
884 3240 999 3300 licentia
1011 3242 1185 3319 gignuntur:

207 3348 319 3398 constat
340 3338 416 3396 enirn
437 3336 493 3396 illis
514 3336 584 3395 nihil
601 3356 726 3415 unquam
746 3356 805 3395 non
826 3336 1002 3395 audendum.
1042 3338 1188 3403 Quocirca

205 3434 287 3494 nobis
305 3435 343 3494 de
364 3434 454 3494 choro
468 3433 592 3493 certiora
604 3431 789 3502 consectaris,
809 3452 863 3511 pro
881 3433 1002 3492 materia
1013 3434 1083 3493 satis
1095 3435 1187 3494 abun.

207 3530 301 3610 deque
316 3530 426 3589 dictum
439 3549 502 3589 esse
515 3529 656 3601 rideatur,
677 3528 821 3608 quomodo
834 3527 991 3606 praesertim
1006 3528 1035 3587 in
1048 3547 1123 3587 nova
1135 3549 1186 3589 co·

208 3625 308 3685 moedia
322 3625 434 3698 chorus
456 3627 568 3686 nullum
590 3627 707 3695 habeat,
734 3624 781 3683 rel
799 3622 914 3688 habere¹
930 3624 1056 3702 potuerit
1078 3625 1185 3685 locum.

209 3720 354 3800 Siquidem
379 3717 514 3793 Athenis,
542 3743 631 3801 quum
651 3719 749 3782 omnia
773 3721 950 3798 potentiores
976 3721 1014 3780 ad
1037 3721 1186 3788 arbitn'um
1283 3730 1290 3747 Χ

205 3836 287 3876 suum
303 3838 440 3878 revocare
461 3819 622 3898 caepissent,
643 3817 714 3876 nulli
732 3817 854 3896 amplim
870 3819 1041 3877 creabanmr
1054 3819 1187 3881 AEdiles:

193 3913 382 3993 perindeque
402 3913 544 3975 sumtibus
564 3915 603 3974 ad
628 3913 747 3974 alendos
765 3918 904 3988 juvenum
929 3914 1033 3975 choros
1052 3915 1187 3976 institutis

193 4010 325 4089 populus
348 4011 428 4070 abuti
450 4010 674 4090 prohibebatur:
703 4011 782 4091 quod
802 4011 996 4091 particulatim
1014 4031 1032 4071 a
1053 4012 1188 4072 Platonio

204 4105 324 4184 legimns
338 4106 521 4185 disputatum.
545 4107 582 4167 Id
591 4108 689 4187 itaque
698 4108 960 4169 animadvertentes
970 4119 1187 4189 poetoe„qnem·

205 4202 360 4263 admodum
382 4203 442 4264 lata
466 4205 533 4283 lege
552 4205 590 4265 de
609 4225 668 4264 non
691 4207 837 4285 carpendo
861 4205 1039 4278 nominatim,
1068 4208 1189 4268 materia

193 4299 376 4388 mutabatur,
390 4299 432 4359 ita
440 4301 527 4362 etiarn
534 4301 683 4376 cantilenis
696 4304 840 4364 abstinere
850 4304 966 4382 penitus
980 4304 1187 4365 decreverunt:

204 4395 339 4475 quodque
350 4396 502 4478 sapientes,
513 4418 611 4478 ,quum
627 4402 748 4480 tempori
767 4402 930 4474 cedendum
943 4414 997 4473 est,
1014 4402 1134 4480 efficere
1142 4419 1188 4476 so·
