2917 4950
518 466 582 532 DE
603 443 869 532 heremo.
1139 469 1190 531 xlv

199 653 273 715 enirn
283 670 351 713 cum
360 651 455 712 atroci
464 651 586 728 alicujus
592 653 671 713 malo
681 662 733 712 aut
745 649 911 711 calamitate
923 648 948 708 si
958 642 1131 725 ,conjunctus
1141 652 1189 724 sit,
1243 722 1248 735 ,

132 820 135 827 p
199 750 330 810 immanis
342 744 378 811 ht
386 767 423 808 ae
434 748 587 810 barbarus.
629 749 685 808 llla
697 758 796 807 autem
808 747 894 825 plane
904 756 988 807 extra
1000 762 1086 806 novae
1093 748 1190 828 legem

200 844 371 908 comoediaer

294 1006 342 1069 Qui
350 1008 467 1068 perjurum
476 1006 600 1055 oonvsuire
609 1006 659 1056 vuit
666 1006 788 1063 homiuem,
795 1006 862 1055 mitto
873 1006 897 1054 iu
906 1007 1037 1068 comitium

295 1087 343 1148 Qui
353 1087 487 1135 mendaeem
497 1094 521 1135 et
531 1088 664 1149 gloriosum,
673 1089 735 1149 apud
747 1087 862 1135 Cloacinae
870 1102 967 1135 sacrum.

201 1227 241 1286 Et
253 1247 321 1307 quae
333 1227 441 1289 deinde
454 1238 625 1308 soqurmtur·
664 1228 754 1295 Quod
775 1227 911 1306 profecto
930 1236 976 1287 est
993 1246 1013 1286 a
1031 1225 1142 1306 pulpito
1155 1225 1193 1288 ad

199 1323 360 1403 plaustrum
372 1323 478 1384 redire.
518 1324 616 1403 Legat
629 1335 738 1383 caetera
753 1325 803 1401 qui
815 1323 905 1384 volet.
947 1323 1009 1383 Sed
1020 1324 1096 1397 haec,
1111 1325 1193 1391 davia

200 1417 371 1498 προθωρίας
388 1422 474 1500 μέρει,
497 1419 593 1480 obiter
610 1420 668 1479 sint
682 1419 771 1480 diota.
813 1420 902 1479 Nune
914 1420 1023 1499 ingenii
1036 1422 1193 1482 exercendi

200 1535 335 1577 canuae
353 1515 456 1595 judieii
476 1516 515 1576 od
530 1516 643 1595 singula
656 1536 766 1589 eamus,
781 1529 812 1578 et
825 1528 982 1597 utnrmque
994 1517 1093 1597 paullo
1105 1537 1194 1597 quam

198 1612 331 1693 plerique
352 1613 517 1674 securatur
536 1614 733 1693 inepioiamus.
782 1614 911 1674 Primum
928 1614 959 1673 in
979 1615 1122 1674 comoedie
1134 1623 1193 1675 tra·

199 1710 354 1790 goedisque
364 1722 411 1770 eet
420 1710 577 1790 dispositio.
619 1711 726 1790 Neque
738 1710 940 1782 dubitandum,
955 1711 1024 1791 quin
1042 1730 1109 1771 cum
1123 1709 1192 1770 An·-

197 1805 317 1866 stoteles
331 1806 370 1865 de
378 1805 564 1886 dispositim
577 1805 706 1886 disputat
715 1807 877 1888 tregmdiae,
890 1809 976 1868 etiam
991 1807 1143 1869 comoediae
1153 1827 1193 1868 ex

197 1902 232 1961 iis
245 1901 407 1964 convenire
424 1904 565 1982 pleraque
586 1901 803 1976 existimaverit,
824 1903 879 1965 nisi
901 1905 990 1983 quod,
1012 1914 1047 1962 ut
1064 1904 1193 1983 tragious

198 1998 333 2079 disponit,
353 1998 394 2059 ita
413 1999 543 2060 comicus
561 2002 678 2079 quoque
695 2001 814 2062 invenit.
855 2000 1025 2061 Alterenim
1038 2001 1142 2080 aoeipit
1154 2002 1192 2060 ab

198 2095 278 2155 eliis:
300 2095 373 2156 alter
382 2095 446 2176 ipse
456 2096 511 2156 sihi
521 2096 582 2169 dat,
595 2096 674 2176 quod
683 2097 964 2178 disponendnmeat;
984 2096 1073 2157 nisisi
1086 2098 1123 2156 ab
1137 2097 1193 2156 aiio

198 2192 333 2253 desumat
347 2201 560 2272 argumentum,
579 2204 660 2252 certe
679 2194 760 2274 apud
772 2194 906 2254 Grecos.
948 2193 1027 2253 Nem
1040 2193 1138 2253 Latini
1150 2193 1194 2252 fa-

195 2289 281 2349 bulas
291 2288 476 2361 Graecorum,
485 2289 672 2368 dispositione
685 2290 894 2368 aliquantulum
907 2290 1079 2369 plerumque
1091 2289 1193 2350 immu-

199 2394 262 2444 tata
275 2395 307 2444 et
319 2384 461 2463 personis,
472 2396 691 2464 expresserunt.
720 2386 765 2447 Ut
775 2405 868 2446 cume
877 2386 1036 2447 Menandri
1050 2386 1194 2448 Eunucho

200 2501 280 2541 snam
296 2482 398 2562 paneis
419 2482 579 2543 immutatis
601 2483 756 2544 Terentius
774 2483 924 2563 expressit:
965 2484 1011 2545 Ea
1024 2484 1146 2555 ratione,
1161 2493 1195 2542 ut

199 2579 301 2639 Davus
315 2579 471 2650 Parmeno,
483 2579 605 2661 Chrysis
620 2581 719 2651 Thais,
735 2580 948 2640 Chaerestratus
960 2580 1008 2639 hic
1021 2590 1098 2640 esset
1108 2580 1193 2638 Pher·
1317 2623 1319 2628 ,

200 2675 271 2736 dria.
313 2675 434 2737 Plautus
457 2677 486 2735 in
505 2677 744 2756 tragico-comico
768 2676 993 2755 Amphitryone,
1015 2695 1096 2735 more
1118 2675 1193 2736 Tra·

143 2779 145 2782 ’
200 2772 332 2850 gioorum
342 2773 471 2833 fabulam
483 2774 600 2853 accepit
613 2784 643 2834 et
655 2774 813 2854 disposuit:
833 2773 887 2833 sed
901 2783 932 2833 et
945 2772 1062 2832 nomina
1073 2771 1194 2831 retinuit
1283 2783 1285 2788 ’

201 2886 240 2927 ex
257 2879 350 2948 parte,
365 2868 444 2947 quod
463 2889 522 2930 non
541 2870 616 2930 solet
628 2871 657 2929 in
671 2870 828 2931 comoedia:
850 2890 886 2930 ex
899 2880 994 2951 parte,
1008 2869 1088 2929 iecit.
1129 2863 1194 2930 Un-

201 2967 238 3025 de
250 2986 317 3026 raro
336 2966 478 3026 invenisse
496 2978 700 3046 argumentum
717 2968 848 3046 tragicus
867 2978 957 3046 poeta
970 2966 1087 3044 dicitur,
1102 2964 1195 3045 (quod

201 3074 251 3122 aut
264 3083 281 3121 e
295 3062 438 3122 relatione
452 3062 574 3123 eliorum
587 3074 667 3123 aute
682 3064 806 3144 seriptis,
820 3076 853 3124 nt
862 3065 995 3144 plerique
1009 3083 1048 3123 ex
1060 3064 1194 3123 Homero

195 3170 251 3218 aaut
270 3159 367 3240 cyclo
383 3158 490 3238 Epiro,
511 3161 663 3240 petebant)
685 3171 789 3221 eontra
808 3170 907 3220 autem
928 3160 1042 3221 comici.
1084 3159 1197 3218 Aristo·

203 3255 284 3328 teies,
307 3256 339 3315 τὸ
362 3254 393 3314 δὲ
412 3254 521 3335 μύθους
539 3265 639 3328 ποιεῖν,
659 3258 890 3337 ’Ἑαίχαρμαςνκαὶ
904 3261 1002 3337 φόρμις
1015 3255 1108 3336 ἦρξαν.
1149 3256 1198 3316 Ita

203 3370 265 3412 eam
284 3371 400 3424 vocem,
422 3370 482 3411 non
500 3362 535 3412 ut
556 3353 682 3431 quidam,
702 3354 752 3415 hio
768 3355 890 3434 accipio.
930 3352 1035 3421 Μῦθος
1056 3354 1143 3423 eninr,
1165 3364 1197 3412 ut

204 3449 312 3529 ubique
324 3449 389 3510 fere
408 3449 567 3522 Aristoteli,
588 3470 647 3510 non
668 3451 769 3511 drama
793 3462 847 3521 eet,
869 3448 924 3510 aed
946 3469 982 3509 ea
1002 3450 1089 3522 aetio,
1105 3469 1125 3507 e
1138 3468 1198 3526 qua
1231 3459 1235 3466 '

204 3545 303 3606 drama
327 3545 523 3617 constituitur,
547 3549 566 3617 ἡ
590 3554 699 3626 πρᾶξις,
723 3552 740 3619 ἡ
762 3561 812 3620 τῆς
832 3553 1031 3627 πραγματείας
1052 3551 1196 3611 σύστασις·

206 3643 350 3721 quomodo
364 3653 396 3703 et
409 3643 527 3723 accipit,
542 3662 611 3703 eum
631 3642 716 3715 dixit,
736 3641 830 3720 μῦθος
844 3642 866 3701 δ’
878 3645 954 3704 ἐστὶν
968 3640 1018 3714 εἷς,
1033 3645 1096 3723 'oux
1109 3645 1198 3721 ὥςπὲρ

209 3760 283 3807 τινες
297 3742 415 3814 olorrnt,
429 3733 617 3820 intrepidae
631 3735 659 3822 ᾗ.
700 3738 741 3799 Et
753 3738 827 3820 ipse,
841 3737 1022 3819 vrohvptldovr
1036 3758 1087 3799 eos
1101 3750 1198 3810 vocat,

205 3835 252 3913 qui
264 3836 312 3896 vel
325 3836 431 3908 varim,
451 3836 497 3896 vel
512 3856 580 3916 ques
593 3846 725 3916 tempore
739 3836 853 3906 eodem,
875 3836 912 3896 ab
929 3835 996 3909 olio,
1011 3855 1072 3897 non
1086 3856 1153 3908 uno,
1169 3846 1199 3896 et

204 3932 309 3992 eodem
330 3943 424 4012 gestes
445 3938 736 4013 sunt-conjungunt.
778 3933 910 4012 Ideoque
929 3932 1058 3993 fabulam
1078 3933 1199 4013 eligere,

205 4038 235 4088 et
247 4029 372 4090 electam
385 4041 468 4090 reete
482 4049 517 4091 ae
533 4030 635 4091 ordine
648 4030 811 4110 disponere,
825 4041 860 4090 ut
871 4029 964 4110 prima
975 4029 1076 4102 virtus,
1089 4030 1132 4090 ita
1141 4029 1200 4110 pri-

205 4142 282 4183 mum
300 4126 517 4207 maximumque
541 4147 615 4208 opus
634 4138 689 4187 eet.
729 4127 767 4185 Ῑιι
790 4127 1001 4207 Amphitryone
1021 4111 1200 4188 maneamus.

207 4220 284 4280 Nem
297 4233 332 4281 nt
341 4236 548 4303 argumentum
560 4225 620 4286 hoo
637 4225 762 4303 aceepit,
773 4224 815 4283 ita
827 4223 891 4303 ipse
905 4243 944 4283 ex
959 4223 1046 4284 animi
1056 4223 1201 4285 sententia

176 4344 179 4349 ’
207 4315 356 4404 dsslfflli·
398 4323 496 4388 Quare
506 4321 612 4402 potuit,
626 4333 660 4381 ut
672 4321 772 4393 voluit,
786 4320 878 4401 ligare
887 4320 1016 4381 fabulam
1030 4341 1066 4382 ao
1079 4323 1200 4382 solvere.

207 4412 243 4472 1¹¹
256 4433 293 4476 et
304 4416 395 4495 igitur
407 4417 504 4481 divina
518 4419 611 4488 δόσιςε
631 4419 704 4480 mua
717 4418 794 4480 enirn
809 4418 921 4481 ratione
934 4419 1091 4499 impeditur
1103 4416 1202 4479 fabula
