2917 4950
230 402 299 471 584
567 399 949 478 HEAUTONTIM.

229 590 273 656 Id
283 608 388 675 quum
396 588 567 672 studuisti,
578 591 637 657 isti
647 591 766 657 formae
775 597 814 657 ut
822 609 935 656 mores
946 585 1142 657 consimiles
1153 588 1282 656 forent:

231 702 452 787 Minimeque,
474 703 524 768 ito
539 723 593 768 me
608 704 656 768 lli
671 712 795 784 ament,
817 705 920 769 miror
941 706 972 770 si
992 709 1028 769 te
1051 702 1117 769 sibi
1139 703 1283 787 quisque

362 813 504 897 expetit.

229 925 322 991 Num
335 924 418 990 mihi
433 924 534 1009 quale
546 923 717 1007 ingenium
731 924 885 1004 haberes,
909 925 974 990 fuit
988 925 1116 990 indicio
1132 925 1253 991 oratio.

230 1033 277 1100 nt
289 1054 394 1119 quum
408 1037 541 1116 egomet
553 1053 645 1099 nunc
658 1043 791 1099 mecum
803 1034 840 1100 in
850 1036 964 1101 animo
976 1037 1082 1101 vitum
1096 1040 1190 1100 tuam
1204 1054 1283 1099 con·

359 1145 484 1222 sidero,
1257 1150 1278 1207 5

229 1258 456 1341 Omniumque
465 1256 551 1353 qdeo
559 1259 761 1337 vostrarum,
770 1256 976 1340 volgusquae
985 1255 1030 1320 'ab
1040 1274 1079 1320 se
1087 1257 1279 1338 segregant:
1354 1245 1357 1250 ’
1457 1335 1458 1354 ¹

206 1348 209 1356 ⁸
228 1369 343 1435 Etvos
352 1387 429 1433 esse
440 1366 644 1444 istiusmodi,
655 1370 689 1431 et
696 1386 760 1432 nos
771 1387 840 1432 non
848 1384 938 1444 esse,
949 1365 1043 1430 haud
1050 1365 1204 1430 mirabile
1216 1367 1278 1429 est.

171 1500 174 1508 ⁴
192 1513 197 1518 1
228 1480 320 1547 Nam
335 1478 475 1563 expedit
488 1479 599 1560 bones
613 1498 690 1545 esse
704 1478 823 1544 vobis:
838 1497 914 1555 noe,
935 1476 1139 1560 quibuscum
1149 1481 1202 1541 est
1211 1495 1277 1553 res,

355 1609 424 1654 non
436 1589 568 1654 sinunt:
646 1641 650 1654 .
1210 1588 1214 1594 ’

227 1783 497 1846 tuit,jomdeiensionem
506 1799 571 1831 snsm
579 1784 672 1833 videtur
679 1801 727 1834 me·
777 1793 825 1835 tem
836 1787 910 1834 bouss
921 1799 972 1833 esse
982 1773 1030 1832 non
1038 1785 1115 1832 sinunt
1123 1784 1157 1842 hi,
1165 1801 1216 1832 cnm
1227 1785 1277 1847 qni7

226 1856 301 1904 retrix
312 1872 407 1916 exorss3
416 1855 530 1917 siquidem
538 1857 581 1904 scit
590 1859 652 1918 quod
659 1873 727 1920 opor·
777 1860 821 1907 bus
836 1874 886 1907 rem
902 1859 1021 1906 hebemus.
1039 1860 1100 1905 Nsm
1113 1864 1208 1920 propter
1225 1857 1277 1919 pnl-

226 1935 276 1976 test
286 1929 344 1985 lieri,
356 1935 380 1976 et
390 1929 470 1976 laudnt
480 1944 540 1984 eam,
549 1945 601 1990 quse
611 1946 664 1978 curn
674 1932 727 1993 pul-
776 1931 930 1979 chritudlnem
938 1938 1041 1978 nostrum
1052 1936 1166 1978 smstcres
1175 1945 1226 1977 esse
1236 1945 1277 1976 vo-

226 2002 357 2049 chritndine
363 2007 425 2048 tenet
432 2001 545 2063 integrum
553 2003 689 2051 castitatem.
697 2006 727 2053 E.
775 2004 834 2061 lunt,
845 2004 885 2065 qui
896 2002 1005 2051 continno
1020 2010 1111 2050 mutent
1126 2003 1274 2060 voluntatem,

260 2080 275 2124 2
292 2072 377 2121 Formo
392 2081 420 2120 ot
435 2088 503 2121 mores
513 2075 630 2122 consimiles
633 2073 727 2140 forent]
777 2077 877 2125 siluerit
887 2078 959 2124 forms
969 2082 1063 2123 mutstn.
1080 2077 1153 2138 Ετςο,
1165 2074 1212 2124 nisi
1223 2091 1276 2138 pro·

228 2145 369 2193 Morcsenim
377 2144 465 2206 pudici,
471 2146 583 2207 gratiores
591 2162 643 2194 esse
652 2148 728 2196 solent
777 2156 882 2212 spectum
890 2157 942 2197 unte
952 2149 1031 2205 inerit,
1042 2150 1129 2197 deme
1136 2156 1161 2197 et
1168 2148 1276 2196 cumine-

225 2218 251 2265 in
266 2218 363 2279 pulchro
379 2233 485 2279 corpere.
518 2218 603 2280 virgil.
621 2219 675 2267 AEn.
694 2222 725 2270 V.
776 2223 816 2285 pis
824 2223 849 2270 in
860 2223 1084 2271 senectuteoiuimns.
1101 2222 1170 2269 Unde
1179 2221 1214 2268 sic
1222 2238 1277 2285 pnr-

226 2292 284 2340 344.
293 2291 382 2353 gratior
390 2297 412 2336 et
420 2289 516 2351 pulchro
523 2293 609 2338 undem
618 2307 631 2339 e
640 2308 727 2355 copore
776 2297 863 2355 gotum,
874 2295 1001 2359 quodjmne
1012 2294 1092 2341 audire
1100 2293 1224 2356 potuisset,
1231 2309 1275 2342 non

132 2378 136 2400 ι
225 2363 305 2410 oirtns.
322 2364 351 2409 G.
771 2369 836 2428 J’uste
845 2370 919 2416 mules
930 2383 981 2416 esse
991 2366 1133 2415 meretrices.
1150 2368 1180 2415 E.

258 2437 275 2483 3
290 2434 434 2500 Siliquisque
441 2436 532 2501 mpetit]
545 2437 620 2485 Recte
627 2439 725 2499 apetit3
806 2440 837 2489 In
848 2442 922 2489 animo
931 2439 1053 2502 cornicine]
1075 2440 1123 2487 Pro
1134 2455 1164 2487 eo
1174 2439 1236 2489 dixit
1249 2438 1274 2488 in

192 2522 194 2526 “
225 2526 278 2558 cum
290 2526 341 2557 eom
355 2525 370 2556 a
383 2511 496 2573 pudicitie
510 2514 662 2560 commendet.
680 2511 726 2560 Es·
774 2515 811 2561 Ad
822 2516 871 2562 ΠΙ.
882 2518 906 2562 4.
917 2515 958 2563 55.
969 2529 1021 2562 cnm
1031 2515 1106 2561 enimc
1113 2514 1206 2578 cogitas.
1222 2514 1272 2561 Sul·

222 2586 319 2646 petimus
334 2583 396 2630 enim
406 2590 495 2632 tentum
507 2601 544 2640 cs,
562 2601 614 2646 quse
630 2585 726 2633 honesto
773 2586 828 2634 lust.
841 2585 867 2633 in
877 2587 992 2647 iugurtha
1006 2601 1028 2633 c.
1041 2588 1079 2634 1³.
1090 2586 1117 2632 in
1126 2588 1170 2633 otio
1177 2584 1273 2650 facim

225 2662 286 2711 sunt,
303 2664 327 2702 et
342 2656 410 2716 plene
428 2658 496 2705 bone.
522 2657 593 2704 Unde
609 2658 725 2705 derebus
773 2673 839 2704 suum
849 2673 902 2705 cum
916 2660 991 2706 ocimo
998 2665 1104 2719 reputans
1117 2657 1159 2705 nbi
1170 2675 1194 2707 v.
1210 2660 1273 2706 (lert.

224 2728 347 2788 espoeendis
357 2728 524 2790 ephilosoplris
535 2729 661 2790 scriptum:
673 2744 724 2790 qum
774 2731 804 2777 R.
816 2730 848 2776 D.

223 2799 316 2849 seilicet
325 2800 375 2861 peti
385 2801 479 2848 debent.
496 2801 523 2848 C.
806 2809 822 2852 6
840 2802 924 2866 Volgus
933 2818 980 2865 qun
993 2804 1030 2850 als
1041 2817 1064 2850 se
1074 2803 1202 2868 segregant]
1219 2805 1273 2851 Hoc

258 2873 401 2936 Minimeqroe,
417 2875 450 2920 lto
464 2889 497 2921 me
510 2873 555 2937 Di]
572 2872 663 2922 Etenim
677 2890 723 2921 non
773 2881 817 2931 est,
824 2889 898 2936 noque
904 2876 1035 2937 promiscue
1041 2889 1143 2935 quosque
1150 2876 1272 2939 recipiunt.

224 2945 292 2994 valde
302 2945 382 3000 miror,
393 2945 481 3003 si,curn
490 2946 527 2992 his
538 2946 641 2993 moribus
648 2953 672 2994 et
679 2947 724 2993 hoc
773 2950 802 2996 (l.

225 3019 259 3067 sis
268 3017 447 3080 pulchritudine,
459 3034 488 3065 ne
502 3018 576 3081 (dele,
586 3033 615 3064 ne
628 3017 667 3081 Z.)
677 3034 722 3065 non
807 3020 914 3069 Omcim
929 3020 1063 3083 emensum]
1075 3020 1115 3067 Sic
1133 3021 1221 3069 dicitur
1230 3037 1271 3082 pro

223 3090 257 3138 sit
272 3090 355 3152 aliquis
365 3090 405 3150 qni
417 3097 441 3136 te
455 3089 547 3151 diliget,
557 3098 582 3137 et
592 3095 616 3138 to
626 3090 671 3138 sibi
682 3105 724 3151 pe-
772 3095 871 3141 omnium
882 3102 985 3150 omrem,
998 3093 1159 3154 possessivum
1172 3109 1216 3155 pre
1226 3095 1273 3156 pri·

223 3170 265 3212 tst.
283 3166 312 3211 E.
772 3166 865 3223 mitiro,
876 3168 939 3227 quod
952 3166 1077 3224 notandum
1087 3174 1114 3213 ut
1123 3168 1271 3215 rarissimum.

224 3272 226 3276 .
256 3235 380 3301 doratio]
403 3237 473 3295 Quod
492 3237 589 3294 dixeris,
607 3253 659 3285 cum
677 3253 723 3284 uuo
773 3238 802 3284 R.
814 3239 845 3299 D.

223 3311 287 3361 velle
297 3318 389 3358 aetstem
399 3311 525 3359 traducere.
547 3311 643 3371 Antiqui
654 3310 723 3359 etism
807 3309 894 3373 Vulgus
908 3326 956 3373 quc
970 3312 998 3358 ab
1014 3327 1035 3359 se
1049 3310 1177 3374 segregant]
1196 3311 1230 3359 H.
1249 3328 1271 3369 e,

222 3400 296 3449 peuce
307 3384 378 3431 verbe
387 3384 513 3437 cretionem
522 3385 640 3432 umerum
656 3384 683 3437 G.
772 3399 824 3444 quse
835 3400 860 3431 se
876 3384 947 3445 vulgo
958 3399 1003 3431 uon
1013 3385 1164 3447 prostituunt.
1188 3385 1271 3433 Contra

223 3496 225 3499 .
256 3457 318 3505 Nom
337 3457 400 3514 milii,
418 3457 495 3519 mle]
523 3459 629 3518 Namque
646 3472 722 3504 mores
772 3457 834 3518 apud
842 3455 918 3504 Cicer.
927 3473 970 3519 pro
978 3458 1080 3517 Coelicc.
1093 3462 1132 3508 16.
1143 3473 1270 3520 quassemu-

222 3540 277 3580 tuos
286 3528 345 3577 mihi
356 3530 497 3577 sermonibus
504 3530 621 3577 indicasti
637 3530 666 3577 E.
771 3529 836 3576 nilus
845 3530 995 3593 mulgeret.
1021 3531 1061 3577 Sic
1069 3530 1179 3592 vulgares
1189 3533 1269 3580 mulie·

254 3606 271 3653 5
288 3603 380 3652 Etcum
396 3603 489 3666 egomt]
507 3603 556 3650 Hic
566 3605 615 3664 jum
630 3610 723 3664 reperet
770 3615 810 3647 res
819 3601 928 3649 dicuntur
938 3618 990 3663 qum
1006 3603 1112 3650 omnibus
1130 3604 1167 3650 sui
1181 3604 1269 3665 copiam

222 3676 375 3724 accusationis
386 3675 550 3733 defensionem,
558 3691 609 3736 qum
617 3675 642 3721 in
650 3689 676 3722 se
684 3691 721 3723 es-
771 3673 865 3721 laciunt.
877 3674 949 3724 Ouid.
958 3676 1047 3723 Foster.
1055 3676 1099 3723 IV.
1112 3677 1169 3724 865.
1177 3677 1269 3724 nominc

222 3766 248 3797 se
262 3749 351 3812 possit3
367 3748 472 3809 dicitque
482 3748 574 3804 merito,
589 3748 720 3807 hujusmodi
769 3746 873 3810 vulgares
886 3747 973 3796 Veneris
981 3749 1088 3796 ceklrote
1095 3749 1184 3809 puelle.
1198 3751 1227 3796 R.
1237 3752 1267 3796 n.

221 3822 338 3878 mulieres,
355 3837 407 3882 qnae
424 3822 465 3868 nni
484 3822 596 3877 serviunt,
615 3820 660 3867 hoc
675 3828 719 3877 est,
803 3824 818 3869 8
835 3819 895 3867 Nom
905 3823 1063 3883 expeditiones
1071 3836 1112 3868 csse
1122 3822 1191 3885 colis]
1209 3822 1269 3880 Quis

221 3911 273 3955 quae
282 3910 307 3941 se
317 3901 424 3954 separant
434 3910 448 3941 e
458 3896 538 3955 vulgo,
557 3901 620 3941 recte
631 3893 720 3942 scilieet
770 3894 881 3953 cnmsclo
890 3894 977 3943 vivitis.
995 3896 1046 3943 Neo
1054 3902 1132 3955 potest
1140 3911 1191 3942 esse
1201 3912 1268 3943 verns

222 3973 246 4014 et
253 3965 406 4013 benefacere:
417 3982 460 4013 nec
467 3967 543 4014 minus
551 3965 718 4019 mirabileesse,
769 3982 841 4023 amor,
856 3967 901 4015 uisi
912 3968 971 4017 inter
981 3970 1040 4016 duos
1053 3968 1093 4029 qni
1105 3968 1152 4015 sibi
1168 3969 1268 4017 invicem

221 4038 284 4100 quod
294 4037 427 4085 meretrices
438 4040 505 4086 mne
514 4045 575 4086 sunt.
593 4040 648 4085 Hoc
658 4038 719 4084 enim
768 4039 837 4087 fidem
854 4048 962 4089 servent:
981 4045 1050 4102 juxto
1065 4041 1124 4089 illud
1142 4042 1231 4090 Seneca
1242 4044 1267 4090 in

221 4111 297 4159 dixit:
314 4119 336 4157 et
345 4124 381 4157 vos
389 4125 431 4157 esse
439 4112 574 4166 istiusmodi,
587 4119 610 4157 et
619 4125 657 4157 cos
673 4126 719 4157 non
768 4116 851 4175 signin
861 4115 892 4159 V.
909 4116 964 4166 259.
975 4131 1014 4163 nec
1025 4129 1097 4176 regna
1112 4130 1153 4163 nec
1163 4117 1225 4164 tede
1235 4132 1267 4164 sc·

113 4176 115 4179 ⁵
219 4181 452 4241 asmiaodmtratiu
460 4191 499 4229 est.
516 4183 589 4231 Vobis
597 4181 719 4230 enimcum
767 4187 827 4232 dum
834 4187 884 4247 peti
894 4187 975 4236 uclem.
998 4187 1047 4235 Ubi
1056 4188 1157 4235 notsnds
1169 4195 1205 4235 est
1218 4189 1265 4235 laec

220 4258 251 4305 sit
262 4255 368 4305 voluntas
382 4271 436 4302 cum
452 4271 497 4302 nno
508 4255 559 4303 viro
577 4270 668 4319 semper
681 4271 717 4302 es·
768 4264 897 4321 structure:
914 4259 970 4307 mitt
983 4261 1068 4329 etpedit
1077 4275 1119 4308 esse
1130 4260 1218 4318 mum,
1236 4271 1265 4317 et,

217 4345 251 4386 se,
263 4328 354 4381 debetis
365 4343 457 4376 servare
467 4329 607 4379 bonitatem:
623 4343 666 4376 nos
678 4344 718 4375 ort·
767 4329 823 4377 mili
832 4331 916 4391 erpedit
926 4333 1035 4380 esseborso.
1051 4332 1078 4380 C.
