2917 4950
196 1004 200 1009 .
259 868 365 999 7³*
399 874 1002 1021 [trutinantur-cn
1159 928 1176 1021 ss

359 1204 363 1213 ἢ
529 1103 659 1227 'summu
678 1122 933 1197 vastaturus

4 1302 6 1433 l
199 1288 707 1454 ‚strnounic
755 1300 1241 1467 -su'rn‘cnsu'ojn

395 1560 1017 1681 ¹1.orur11121s'sarrscortanna.¹
1086 1580 1125 1675 ff
1165 1570 1187 1681 .ss
1228 1586 1240 1682 ,ἶ

197 1908 314 1997 Nou
335 1937 384 1996 uu
403 1937 533 1999 austun
558 1947 589 1995 et
613 1934 753 2007 amen,
774 1935 825 1996 cu
841 1931 1072 1994 tane-serenus
1090 1932 1249 1997 euram

197 2041 379 2101 dedicarem.
422 2040 621 2111 Etenimcunr
633 2041 663 2099 in
679 2060 731 2114 rs,
747 2060 808 2100 vra
829 2056 1033 2122 unsntsrcn,
1054 2050 1162 2117 praeter
1175 2037 1248 2096 mul·

196 2157 245 2206 tas
261 2145 332 2205 alias
346 2163 453 2224 easque
472 2165 598 2207 summas
612 2126 705 2207 animi
713 2147 880 2227 ingeniique
895 2145 1025 2216 virtutes,
1047 2145 1150 2223 quibus
1164 2164 1249 2204 orna·

197 2248 270 2313 tum,
282 2268 326 2321 ru
347 2271 412 2312 esse
429 2250 588 2325 satis-inter
612 2240 712 2314 omnes
735 2246 860 2324 constat,
885 2250 1073 2312 summam'in
1092 2253 1248 2314 scribendo

196 2357 375 2438 elegantiam
390 2364 420 2418 et
433 2356 678 2437 perspicuitatem,
701 2356 876 2435 exquisitam
889 2359 919 2416 in
930 2358 1092 2437 judicando
1106 2357 1249 2419 disseren.

198 2466 300 2545 doque
313 2463 503 2525 subtilitatem
517 2472 547 2525 et
556 2482 690 2535 acumen,
711 2458 801 2542 atque
814 2461 844 2522 in
857 2463 928 2524 locis
941 2464 1116 2544 scriptorum
1126 2486 1248 2546 corrup·

197 2573 237 2644 tis
258 2571 446 2632 emendandis
468 2581 499 2630 et
520 2568 694 2647 castigandis
714 2567 896 2647 diligentiam
917 2570 1140 2649 cautionemque
1161 2572 1248 2650 plane

199 2675 412 2747 admirabilem,
432 2686 463 2735 ct
478 2691 546 2735 run
561 2674 695 2735 doctrina
706 2674 836 2753 dignam,
856 2675 984 2735 omnium
997 2694 1143 2735 consensu
1155 2676 1250 2735 maxi-

200 2801 323 2861 mopere
336 2794 367 2842 et
376 2782 523 2843 verissime
533 2780 645 2841 laudari
656 2780 868 2841 meminissem:
889 2782 985 2841 statim
999 2781 1128 2854 decrevi,
1137 2781 1249 2857 judicio

201 2887 350 2968 subjicere
366 2907 430 2949 ruo
442 2887 579 2968 quicquid
586 2887 642 2946 'hic
653 2905 719 2946 mea
728 2884 865 2947 effectum
872 2887 909 2945 sit
919 2906 1019 2966 opera,
1030 2886 1249 2948 adhibuerimne
1304 2944 1309 2955 ,

201 3005 255 3076 aut
274 2994 305 3053 in
324 2994 397 3054 notis
412 2993 539 3071 Bentleji
558 2990 720 3071 Faernique
733 2991 764 3049 in
779 2992 981 3071 compendium
998 2991 1162 3072 redigendis
1181 2993 1251 3053 satis

200 3099 416 3178 perspicuitatis
431 3118 497 3157 cum
503 3102 583 3173 justa
596 3097 748 3169 brevitate,
770 3097 863 3156 autin
873 3097 1001 3170 scholiis,
1023 3119 1090 3179 quae
1103 3098 1250 3158 interdum

201 3205 252 3263 vel
272 3203 387 3263 aliunde
402 3203 614 3283 compilassem,
634 3205 681 3265 vel
696 3205 758 3284 ipse
772 3184 957 3278 addidissem,
978 3204 1114 3265 idoneam
1127 3205 1251 3285 diligen-

201 3312 285 3382 tiam,
307 3320 357 3369 aut
374 3310 404 3368 in
421 3310 490 3369 locis
504 3310 732 3381 scholiastarum,
755 3330 821 3388 quae
844 3322 982 3390 corrupta
1002 3322 1032 3371 et
1052 3330 1157 3372 manca
1170 3305 1270 3373 vide?

202 3427 317 3485 rentur,
338 3415 530 3486 restituendis,
546 3421 654 3492 justam
673 3415 841 3476 cautionem
860 3426 891 3474 et
906 3416 1109 3494 prudentiam
1130 3429 1162 3476 ut
1176 3417 1250 3478 adso

203 3519 342 3600 quicquid
368 3538 449 3592 rrsr,
478 3538 539 3580 vna
561 3539 771 3592 nocrrssrns,
797 3519 951 3599 displicere
972 3522 1190 3594 intellexissem,
1219 3522 1250 3581 in

202 3635 352 3706 posterum
368 3627 563 3705 corrigeretur
576 3627 803 3706 evitareturque,
824 3624 870 3685 vel
885 3625 908 3684 si
922 3626 994 3706 quid
1006 3628 1083 3686 forte
1098 3645 1168 3686 rrrn
1182 3646 1251 3706 pro.

201 3728 267 3788 bari
282 3730 463 3802 audivissem,
487 3748 565 3804 rus,
581 3750 641 3791 vra
657 3750 873 3803 suavissima,
894 3728 1077 3801 auctoritate,
1091 3749 1159 3809 quae
1171 3730 1252 3809 apud
1311 3754 1314 3758 ²

201 3855 307 3896 omnes
320 3836 447 3896 maxima
466 3847 518 3910 est,
540 3839 608 3899 satis
622 3838 830 3899 defenderetur
850 3857 885 3897 ac
906 3835 1134 3896 confirmaretur.
1177 3836 1249 3897 Huc

200 3941 328 4001 accessit
347 3943 403 4003 alia
422 3963 520 4017 causa,
541 3963 608 4005 mea
622 3945 740 4024 quidem
755 3944 900 4003 sententia
922 3941 1001 4001 haud
1022 3941 1106 4018 levis,
1126 3963 1193 4021 quae
1203 3964 1251 4005 nte

200 4046 313 4106 adhoc
326 4047 462 4108 invitaret
476 4051 636 4109 consilinm.
679 4035 755 4110 Cum
774 4050 851 4110 eninr
865 4049 933 4108 olim
950 4066 1030 4122 sun,
1051 4065 1251 4111 snAEcnsros

204 4171 434 4224 sinstrssrnrn,
457 4154 606 4235 disciplina
627 4176 719 4217 essem
737 4175 815 4226 usus,
838 4165 867 4214 et
881 4174 973 4234 usque
986 4155 1111 4235 posthac
1124 4157 1252 4235 pruden-

204 4258 321 4317 tissimis
339 4278 414 4319 rurs
427 4260 553 4320 consiliis
568 4272 596 4320 et
609 4262 770 4340 patrocinio
784 4262 901 4336 adjutus
912 4274 942 4321 et
952 4263 1141 4323 sublevatus:
1162 4259 1252 4324 ammi

204 4363 279 4441 grati
294 4384 357 4423 esse
372 4365 415 4443 (et
433 4365 509 4423 hunc
523 4366 652 4447 inprimis
675 4380 792 4448 spectes
813 4368 912 4445 velim)
927 4370 1008 4440 duxi,
1030 4371 1109 4430 hunc
1125 4389 1198 4430 111AE
1212 4371 1253 4429 in·
