2917 4950
473 380 664 489 *⁰2¹¹-
697 378 873 453 scunt
895 381 926 446 ι.

304 682 379 748 siet.

1157 378 1223 461 hild

169 571 355 651 Scitum’st,
377 570 566 657 perieulum
586 590 632 638 ex
651 569 729 637 aliis
750 567 876 648 faeere,
903 566 966 632 tihi
980 565 1075 651 quod
1093 586 1140 632 ex
1156 586 1223 634 usu

174 796 240 863 Gn.
256 795 314 861 Ita
324 794 439 861 oredo.
473 792 543 858 Gn.
557 792 632 877 Ego
645 792 704 859 ibo
718 792 799 859 hinc
813 791 913 869 intro,
928 789 1111 856 utvideam
1121 789 1223 857 nohis

304 904 388 989 quid
404 923 514 970 ooenae
529 903 607 971 siet.

174 1015 240 1097 Tu,
254 1022 293 1083 ut
313 1023 449 1103 tempus
463 1021 517 1083 est
538 1014 620 1095 diei,
635 1015 715 1084 vide
731 1016 780 1082 sis
796 1035 839 1081 ne
854 1031 923 1100 quo
936 1014 1016 1081 hino
1032 1015 1137 1081 abeas
1151 1013 1224 1076 lon·

307 1147 395 1213 gnus.

597 1335 809 1385 -4—

405 1575 546 1661 ACT.
588 1578 648 1663 ΙΙ.
702 1576 926 1662 SCENA
962 1576 998 1660 I.

619 1802 789 1853 ommno,
844 1842 849 1847 .

221 1943 365 2025 QUAM
387 1935 503 2028 iniqui
518 1950 596 2010 suut
615 1943 781 2046 patrosin
801 1941 911 2007 omnis
926 1941 1154 2008 adolescentis
1172 1941 1229 2028 ju-

310 2055 406 2122 dices
421 2055 429 2121 i

148 2269 151 2275 ·
171 2241 261 2308 faeere,
270 2244 315 2291 hoe
325 2248 370 2299 est,
380 2248 552 2304 tentamentum,
562 2244 626 2308 quod
636 2244 680 2294 tihi

180 2318 327 2365 vehementer
337 2318 455 2379 expediat.
481 2320 510 2366 E.

213 2388 334 2436 Beutlsius
344 2389 369 2437 iu
379 2391 428 2438 tine
436 2389 529 2439 addidit
539 2389 586 2438 hoo.
603 2391 680 2450 Unde,

180 2460 268 2513 neseio,
286 2461 313 2509 Ζ.

214 2536 247 2582 36
266 2532 396 2582 Periculum
413 2549 439 2582 eu
455 2535 505 2583 aliie
519 2533 611 2601 faune]
631 2536 684 2584 Ali·

178 2606 273 2670 quando
281 2607 373 2655 ridetur
382 2625 426 2671 pro
433 2609 531 2657 oonsilio
540 2609 617 2672 eapio.
643 2611 682 2658 Gi-

181 2693 237 2725 oeno
244 2679 273 2726 ad
282 2680 416 2728 'l'rebatlum
425 2683 483 2730 VII.
490 2684 516 2730 8.
534 2681 636 2730 Corrselio
646 2684 682 2730 ui·

182 2748 217 2797 hil
227 2751 297 2798 audeo
313 2752 393 2809 dicen,
404 2756 468 2816 eujus
480 2755 616 2815 penicillum
626 2755 682 2803 stul·

183 2829 258 2870 tuem
286 2822 314 2870 G.

216 2897 304 2944 Versus
314 2911 384 2944 eausa
392 2897 454 2958 lege,
463 2900 572 2960 periclum
580 2915 589 2957 ,·
605 2906 630 2948 et
639 2914 682 2962 pro

183 2967 242 3029 prod
252 2983 305 3017 oum
315 2969 385 3016 eodd.
397 2984 445 3032 reg.
458 2972 519 3033 quid.
552 2973 614 3019 Nam
626 2971 682 3035 quod

182 3039 214 3085 ud
222 3040 300 3102 'ipsum
309 3041 366 3094 illud
377 3041 489 3101 periclum
500 3045 568 3090 modo
578 3044 683 3107 respicit,

184 3113 239 3174 quid
249 3114 278 3160 ed
290 3114 335 3161 elia
350 3113 442 3172 similia,
453 3123 528 3177 ,etque
544 3116 614 3165 etlam
627 3133 682 3164 oon·

183 3185 262 3231 namu.
280 3186 309 3233 Β.
556 3189 558 3194 ’

219 3257 351 3307 melum
367 3274 394 3306 ru
405 3261 457 3308 aliie
466 3258 547 3326 furere
562 3262 604 3309 tihi
617 3262 683 3325 quod,

164 3329 245 3394 huo]
271 3332 293 3378 1.
310 3347 331 3378 e.
351 3347 381 3379 ex
397 3332 472 3381 uliano
493 3335 598 3395 periculo
619 3349 684 3398 saps-

185 3419 220 3453 re.
252 3404 328 3451 Reote
341 3405 442 3453 Bentlei.
459 3408 513 3469 quid
527 3423 558 3454 ex
571 3409 629 3455 Mas.
647 3424 684 3455 ne·

185 3476 267 3538 posuit
276 3493 319 3539 pro
331 3479 396 3540 quod.
428 3479 489 3526 Nam
499 3480 597 3543 qoodad
609 3480 685 3542 ipsum

183 3551 257 3598 inodo
266 3550 394 3614 perieulum
409 3551 512 3613 respicit,
526 3554 580 3615 quid
595 3554 624 3600 sd
641 3553 686 3600 alia

187 3622 274 3680 similia
289 3630 357 3685 utque
372 3625 402 3671 ad
417 3624 464 3673 alis
478 3625 547 3673 etiam
562 3627 684 3674 muneris.

221 3769 253 3816 3?
271 3766 337 3816 Nobis
351 3767 406 3831 quid
425 3768 502 3831 coeooe]
520 3768 598 3817 Minus
615 3769 685 3827 dixit,

184 3839 285 3901 quernei
295 3839 405 3897 dixisset,
416 3858 464 3905 quar
474 3857 542 3889 oeno.
575 3841 615 3889 Sio
625 3842 685 3889 illud

188 3913 293 3960 Eunuoh.
304 3913 352 3959 111.
361 3916 384 3961 4.
392 3918 415 3962 8.
425 3914 479 3975 quid
488 3913 527 3960 hoc
535 3912 629 3961 hominis
636 3916 686 3962 est?

186 3985 256 4032 aliter
272 3984 409 4044 exprimitur
424 4000 493 4048 quam
510 3985 530 4032 si
547 3985 686 4044 moeremus,

189 4055 242 4118 quis
253 4056 320 4102 homo
329 4057 380 4104 est?
396 4057 436 4107 c.-

222 4130 249 4178 Si
258 4130 344 4177 retines
355 4131 408 4193 quid
418 4146 491 4188 eune,
508 4136 544 4177 est
555 4128 686 4191 genitivus3

189 4202 227 4251 sin
248 4219 299 4251 eum
320 4203 405 4251 nostris
425 4203 492 4251 libris
512 4203 607 4264 praefers
628 4203 687 4250 nohis

188 4291 254 4324 ecem
264 4276 318 4339 quid
328 4278 376 4334 titt,
385 4283 422 4324 ast
429 4275 528 4325 dativus.
561 4274 600 4322 Sie
609 4274 686 4322 Plaut.

188 4348 257 4396 trae
269 4347 319 4395 111.
328 4352 351 4399 1.
359 4353 382 4401 2.
393 4358 420 4397 ut
428 4349 498 4398 habau
506 4348 612 4413 glandem
619 4343 689 4411 prem²
726 4365 729 4372 ’

729 2243 767 2292 dio
776 2243 928 2306 depromerem.
956 2242 988 2288 B.

761 2318 793 2364 38
811 2315 855 2371 To,
872 2326 899 2361 ut
916 2321 1046 2375 temperent
1061 2311 1118 2375 diei]
1136 2311 1228 2376 Tempus

728 2404 775 2436 non
794 2388 867 2436 solum
887 2402 1000 2441 summum
1016 2391 1060 2440 est,
1077 2387 1118 2433 sed
1137 2392 1161 2433 et
1175 2402 1229 2449 pars
1270 2416 1273 2419 -

730 2461 803 2525 partis
813 2469 864 2520 est3
881 2459 950 2509 sicuti
966 2459 1004 2506 hio
1019 2453 1106 2520 posuit,
1117 2459 1161 2506 diei
1176 2467 1230 2507 um·

727 2551 779 2597 put,
794 2550 846 2583 eum
861 2532 971 2597 temporis
985 2531 1037 2580 dies
1049 2546 1100 2579 esse
1115 2532 1228 2581 rideatur.

764 2679 890 2739 Quaeritnr,
905 2695 947 2727 eur
963 2678 1072 2727 chremes
1088 2692 1133 2724 non
1153 2677 1230 2727 statim

731 2771 810 2802 seeum
822 2754 977 2815 Clitiphonem
990 2751 1019 2799 ad
1030 2767 1117 2798 ooenam
1127 2752 1232 2799 abduxe-

729 2828 770 2883 rit,
780 2830 846 2889 eujus
861 2836 951 2888 tempus
963 2827 1006 2872 suh
1018 2839 1092 2871 seeuae
1104 2824 1232 2884 superioris

729 2901 798 2947 linem
819 2899 909 2954 adesse,
928 2900 977 2959 jann
996 2896 1106 2944 dixerat?
1131 2896 1232 2943 Daoeriit

729 2971 792 3019 haud
804 2970 867 3018 'mele
884 2970 986 3031 conjicit,
1003 2984 1055 3017 oum
1074 2975 1126 3015 ante
1143 2984 1232 3016 ooenam

731 3044 789 3090 huno
799 3042 885 3090 suerint
895 3058 959 3090 saera
970 3043 1075 3105 quaedam
1082 3040 1196 3099 lsoiends,
1208 3049 1233 3090 et

731 3116 926 3164 lorteetiumcum
934 3113 1234 3175 conviviumqualihuseon·

732 3190 887 3245 fabulandum,
898 3197 986 3251 patrem
998 3187 1102 3235 uoluisse
1117 3188 1153 3235 his
1163 3191 1232 3237 rebus

732 3262 934 3311 interessetilium.
951 3262 978 3309 Ζ.

767 3340 782 3381 1
805 3335 879 3389 Quom
899 3336 972 3397 iniqui
986 3342 1040 3381 sunt
1056 3334 1142 3397 patres]
1163 3336 1232 3383 Solus

734 3406 837 3468 Clitipho
847 3407 982 3468 promousit,
996 3406 1036 3467 qui
1052 3407 1082 3452 de
1097 3414 1162 3469 petre
1178 3424 1234 3455 oon·

734 3480 846 3541 queritur,
858 3486 884 3527 ut
891 3495 941 3526 mos
952 3485 987 3525 est
998 3478 1186 3535 adolescentium,
1193 3480 1234 3542 qui

735 3559 831 3613 paterna
839 3557 955 3612 praeeepta
965 3549 1062 3596 moleste
1073 3550 1154 3597 ferunt.
1171 3551 1199 3598 G.
1249 3543 1258 3556 Χ

769 3622 842 3677 Quem
855 3622 939 3686 iniqui]
956 3622 1076 3668 Remsnsit
1091 3622 1155 3671 solus
1166 3622 1235 3670 Cliti-

734 3696 790 3758 pho,
809 3702 833 3742 et
851 3710 929 3743 seeum
946 3694 1095 3756 conqueritur
1112 3693 1142 3742 de
1160 3696 1234 3757 patris

734 3767 871 3815 hortatione.
913 3766 977 3813 Ordo
998 3771 1045 3813 est:
1073 3781 1140 3827 quam
1161 3768 1235 3830 iniqui

732 3845 789 3887 'sunt
794 3841 885 3903 judiees
892 3847 969 3901 patres
978 3838 1004 3885 iu
1013 3853 1092 3886 omues
1102 3840 1235 3890 adnleseen-

735 3913 784 3961 tes!
809 3913 838 3960 E.
1096 3929 1098 3932 ·
1219 3915 1222 3922 ’

768 3984 843 4039 Quom
852 3984 936 4048 inique]
947 3986 985 4033 Itu
995 3984 1019 4030 iu
1027 3982 1133 4031 omnihus
1143 3985 1236 4049 seriptis

735 4058 804 4106 eodd.
816 4058 840 4105 hi
851 4065 918 4105 aetus
926 4055 1111 4119 distinguuntur:
1128 4058 1190 4118 quod
1201 4067 1236 4105 tu-

735 4146 788 4178 men
810 4130 863 4178 aliis
883 4130 1029 4192 displicuisse
1048 4128 1128 4177 video.
1159 4128 1237 4194 Iniqui

736 4211 789 4249 sunt
801 4202 887 4269 potres]
904 4203 1024 4252 Pleuron.
1035 4202 1060 4250 iu
1070 4203 1140 4250 Puer.
1153 4203 1236 4252 eduee-

736 4274 810 4324 tione.
828 4276 857 4324 L.
924 4287 926 4290 ’
952 4287 955 4292 ·
1001 4279 1003 4282 “
