2917 4950
507 424 570 489 Db
600 422 866 491 rosunum.
1145 414 1186 489 liii

196 610 375 688 Etcaetam
394 604 525 686 piacula
540 615 611 667 sunt
625 607 716 671 enim.
754 604 838 690 qais.
856 618 926 664 cum
941 597 993 667 illa
1006 603 1185 668 Phormione

174 707 274 786 *legit
295 722 356 767 non
365 724 487 767 uxorem
499 705 653 769 honestam
664 703 789 766 adiutori
801 699 956 780 agnoscit?
984 792 989 800 ι
1038 790 1039 793 ¹

355 913 385 944 an
394 896 516 959 qaisquam
526 897 597 946 bodie
607 904 643 946 est
651 901 738 947 ίιοιιιι
747 895 879 959 indignius?

200 977 245 1039 Qui
252 977 315 1035 mibi,
330 978 371 1026 abi
381 979 410 1026 cd
421 993 505 1026 uxores
515 984 608 1027 notan
617 984 662 1035 cst,
677 972 726 1027 tom
736 979 793 1027 runt
803 992 878 1027 renes.

200 1059 307 1108 Haeccine
316 1065 381 1107 mant
391 1059 475 1107 itiones
485 1058 572 1106 crebro
581 1065 608 1106 et
617 1059 747 1108 mansiones
758 1059 854 1107 diuus·

199 1140 295 1188 lemni?
311 1138 421 1188 Haeccine
432 1146 490 1196 arat,
500 1155 551 1201 quae
561 1145 654 1187 nostros
664 1140 752 1189 fractos
762 1141 881 1189 mhaabu
890 1140 1024 1188 manius?

199 1221 276 1280 Quid?
292 1221 344 1283 ligo
354 1235 421 1282 teqno
431 1218 508 1267 animo
513 1220 585 1282 cupio
592 1214 680 1269 'reiecta
689 1216 713 1270 ia
722 1223 766 1270 baa
776 1237 802 1269 rc
810 1220 938 1283 defungier.
1046 1252 1049 1263 ι
1160 1218 1164 1225 ’

203 1302 250 1349 Sed
259 1301 316 1364 quid
325 1301 431 1365 sperem
446 1308 514 1349 etate
524 1317 593 1363 porro
603 1302 680 1349 minos
689 1308 835 1364 peccatoram
845 1303 933 1363 putant?

198 1383 250 1430 «lam
259 1387 309 1428 tarn
319 1389 370 1430 esst
379 1396 461 1437 unes,
478 1382 617 1431 senmtnsai
629 1384 773 1433 mundos
782 1384 845 1431 iacit.

199 1461 884 1526 mmmmmmjanngiampaaasdsut,
899 1462 1026 1527 Demipho?
1076 1494 1077 1497 =

201 1543 261 1604 Quid
270 1542 398 1607 militiano
408 1542 485 1603 deas,
494 1543 642 1604 quamobrem
649 1551 792 1607 axapmtasn,
801 1550 842 1593 eat
850 1559 950 1608 sperem
963 1558 1035 1606 porro
1044 1558 1091 1592 noa
1103 1544 1168 1591 fore?

202 1713 240 1772 Et
251 1713 485 1794 quandoquidem
501 1712 680 1792 simplicitas,
699 1713 825 1774 maxima
844 1722 963 1773 moretm
984 1711 1119 1801 orationis
1131 1713 1189 1773 vir·

200 1820 255 1881 tus,
275 1810 483 1881 siintendatur,
504 1809 675 1869 suavitatem
691 1810 784 1889 parit;
805 1809 891 1870 nemo
904 1809 966 1870 sine
979 1809 1138 1870 incredibili
1151 1828 1188 1870 ac

201 1925 310 1966 summa
322 1907 471 1986 voluptate
486 1906 556 1965 illud
571 1896 727 1966 Bacchidis
741 1907 839 1987 leget:

490 2117 553 2157 recte
563 2109 652 2167 macti,
660 2098 796 2171 Pamphile.

231 2192 335 2239 Uxorem
344 2196 414 2239 taam.
447 2191 508 2239 Nam
527 2205 641 2253 nunqnam
659 2197 712 2239 anta
729 2191 789 2237 benc
805 2187 867 2236 diem
885 2186 943 2235 mais
961 2187 1036 2236 oculis
1052 2203 1111 2245 eam,
1127 2189 1190 2250 quod

210 2286 216 2294 ·
261 2284 363 2327 ¹arestein,
378 2271 489 2319 viderem.

235 2351 381 2400 Perliberalis
392 2351 443 2401 viss
452 2358 495 2398 est.
569 2366 573 2371 ·
592 2403 596 2419 .

203 2521 332 2601 Ideoque
354 2520 465 2581 fabuloe
491 2515 687 2593 Terentianae,
714 2520 876 2582 doctiorem
900 2518 1077 2591 histrionem,
1104 2539 1192 2599 quem

203 2618 375 2699 reliquorum
389 2618 602 2678 desiderabant
645 2618 767 2703 Semper
777 2617 853 2679 enirn
862 2615 929 2696 quae=
941 2627 1055 2676 morata
1067 2627 1113 2675 est
1126 2631 1194 2677 ora.

205 2715 253 2786 tio,
273 2721 306 2801 τῇ
325 2717 463 2795 ὑποκρίσει
474 2714 631 2775 fulcienda.
672 2715 750 2775 Nam
767 2735 833 2795 quae
846 2714 974 2773 moribus
987 2712 1194 2794 affectibusque

204 2810 375 2883 destituitur,
402 2820 481 2871 teste
501 2805 753 2892 philosophos&
773 2813 965 2891 ἀνυπόκριτος.
1011 2809 1118 2889 Neque
1134 2811 1197 2871 ullu

202 2906 263 2968 fere
275 2908 354 2987 spnd
368 2927 434 2968 enm
444 2908 557 2988 syllaba
565 2918 671 2980 uetat,
686 2928 753 2988 qnoe
765 2928 826 2967 non
839 2907 926 2967 animi
939 2918 992 2966 aut
1007 2905 1130 2968 affectus
1142 2908 1196 2968 ali·

206 3009 286 3080 cujus
296 3004 336 3064 sit
345 3004 444 3064 index.
480 3005 551 3065 Jam
565 3004 645 3064 utnd
654 3006 778 3084 lepores,
798 3005 885 3075 sales,
906 3003 1024 3082 gratias,
1045 3015 1077 3063 et
1089 3024 1195 3064 venus·

206 3101 459 3172 tatesveniamus3
479 3113 592 3162 certum
613 3112 667 3173 est,
686 3100 750 3162 fere
767 3119 868 3160 omnes
889 3118 939 3159 ess
957 3098 1018 3164 tolli
1031 3119 1050 3157 a
1062 3100 1201 3174 ridiculo,-

207 3216 265 3259 non
277 3211 364 3260 secua'
373 3197 460 3277 qu'sm
470 3197 502 3255 in
514 3198 575 3258 uita
587 3199 625 3258 ab
638 3217 761 3257 excessu
777 3216 890 3257 morum
899 3196 999 3267 virtus,
1019 3196 1057 3254 ab
1070 3215 1196 3257 excessu

209 3305 361 3374 apparatus
379 3295 411 3354 in
431 3314 520 3355 scens
537 3295 648 3354 tollitur
658 3293 807 3373 ¹voluptas.
848 3291 945 3360 Quare
969 3292 1136 3354 Menandro
1160 3315 1197 3355 ec
1253 3301 1255 3305 ’

209 3390 347 3451 Terentio
360 3391 474 3471 lepores
487 3392 617 3452 tribuunt
629 3389 749 3469 antiqui,
769 3390 845 3450 sales
856 3390 962 3448 Plauto
973 3390 1114 3449 Horatius
1128 3410 1198 3450 con·

209 3487 300 3548 cedit:
322 3507 395 3568 quos
404 3471 611 3568 nonnunquam
624 3486 780 3548 inurbanos
794 3506 859 3547 esse
873 3497 966 3562 notat.
1006 3486 1089 3552 Audi
1101 3497 1198 3565 pater·

210 3575 324 3644 eulumt
345 3586 483 3660 dulcesque
493 3584 588 3642 Latiari
596 3581 811 3660 leporiafacetie
817 3582 1021 3660 perCaecilism
1035 3583 1200 3641 Terentium-

208 3699 258 3758 pue
277 3688 304 3738 et
327 3679 475 3760 Afranium
495 3680 605 3757 suppari
623 3681 875 3756 etateflorueront.
916 3677 1015 3737 Greeei
1029 3684 1149 3761 χάριτας
1167 3691 1197 3739 et

205 3777 421 3859 χαριεντισμοῦς
429 3787 545 3836 vocant
586 3774 777 3840 Remissiores
790 3785 856 3835 sunt
867 3773 954 3848 enirn,
965 3794 1052 3855 quam
1064 3785 1096 3835 ut
1109 3776 1199 3838 risum

209 3872 348 3932 violenter
361 3881 514 3932 moveant:
534 3872 809 3953 circumspectiores,
822 3891 910 3950 quarn
923 3881 956 3930 ut
966 3870 1103 3951 frigeant.
1142 3874 1201 3932 Ab·

209 3968 325 4029 surdum
345 3969 423 4029 enim
443 3988 522 4048 saepe
541 3987 631 4029 causa
646 3978 692 4029 est
704 3968 858 4042 risus,·‚sut
875 3968 1050 4030 inusitatum.
1091 3969 1201 4031 Contra

209 4074 303 4125 autern
315 4084 424 4136 sermo,
441 4066 493 4145 qui
513 4075 545 4125 et
564 4065 686 4125 usitatus
699 4076 731 4126 et
743 4077 880 4138 moratus,
890 4066 1010 4145 quique
1031 4065 1136 4125 leniter
1149 4067 1201 4126 de.

96 4161 101 4172 '
209 4181 308 4223 corum
320 4172 427 4235 servat,
448 4163 529 4240 sicut
539 4183 574 4222 eo
587 4162 651 4242 ipso
667 4162 705 4222 sit
716 4173 857 4222 venustus
871 4173 902 4222 et
915 4162 1063 4233 delectet;
1083 4162 1126 4221 ite
1139 4163 1203 4245 qui·

211 4261 277 4321 dam
290 4260 422 4323 eminere
437 4260 498 4338 joci
515 4270 644 4342 possunt.
686 4261 744 4331 Qui
759 4260 875 4344 quidem
899 4259 929 4319 in
947 4259 1004 4320 hoc
1028 4257 1118 4350 Afro,
1136 4259 1202 4339 (nisi

212 4356 303 4420 Lelio
321 4378 373 4420 eos
389 4356 485 4439 potius
496 4377 535 4422 ec
554 4356 685 4438 Scipioni
696 4357 864 4422 tribuendos
877 4357 975 4438 putes)
994 4356 1201 4432 eMenandro,
