2917 4950
272 404 392 516 iren}
594 453 656 516 nn
685 408 951 522 rnsrrnos
996 451 999 459 ·

275 636 447 716 complures,
462 652 533 714 quas
544 633 645 696 sonare
659 655 781 697 necesse
791 645 862 696 erat.
888 635 989 693 Aditus
1002 629 1136 713 permulti
1149 640 1180 692 et
1192 648 1259 711 spa·
1280 702 1282 705 ¹

273 733 341 793 tiosi
358 731 490 810 dispositi
505 739 588 791 erant
604 731 682 792 circa
698 733 854 804 theatrum,
867 749 923 792 uec
936 729 1081 808 conjuncti
1094 728 1258 808 superiores

274 827 466 899 inferioribus,
481 828 533 888 sed
547 847 586 888 ex
600 827 731 889 omuibus
741 828 813 888 locis
825 826 958 907 perpetui
972 836 1002 885 et
1015 824 1126 909 directi,
1139 823 1201 884 sine
1213 824 1258 883 in·

273 923 415 984 versuris:
434 923 477 983 uti
499 944 587 1002 quum
604 924 727 1003 populus
748 923 943 982 dimittebatur
961 941 979 981 e
1000 919 1179 1000 spectaculis,
1197 938 1258 978 non

275 1019 519 1100 comprimeretur,
534 1019 586 1080 sed
598 1020 720 1080 haberet
734 1039 773 1080 ex
784 1017 996 1079 omnibuslocis
1006 1017 1099 1077 exitus
1109 1024 1259 1094 separatos

274 1114 336 1175 sine
349 1115 546 1195 impeditione.
587 1116 742 1196 Reliquum
758 1116 862 1175 theatri
879 1113 1030 1174 artifidmu
1048 1132 1067 1173 a
1084 1113 1177 1191 ffadu
1195 1130 1258 1170 om·

272 1210 353 1270 nium
366 1212 554 1291 superiorein
564 1212 744 1272 altitudinem
753 1211 839 1271 trium
850 1209 1094 1289 contignationem
1105 1226 1257 1287 exporrec-

274 1315 336 1366 tum
349 1317 419 1378 erat,
435 1308 520 1367 etiam
534 1308 563 1366 iu
578 1308 792 1388 hemicyclum:
814 1318 902 1387 atque
922 1307 963 1366 ita
980 1304 1204 1383 exaedificatum,
1224 1312 1258 1363 ut

273 1402 402 1483 porticus
415 1402 558 1462 efficeret:
578 1403 770 1482 undecunque
787 1413 931 1483 patentes,
945 1412 976 1462 et
989 1398 1130 1461 columnis
1143 1400 1212 1459 hinc
1225 1409 1257 1458 et

273 1496 341 1557 inde
352 1498 511 1557 ornatiores
523 1498 626 1567 factos,
636 1497 666 1556 iu
677 1518 749 1578 quas
758 1499 881 1579 populus
891 1517 923 1558 se
933 1497 1087 1576 reciperet,
1101 1495 1125 1555 si
1139 1484 1256 1573 quando

273 1605 393 1674 propter
405 1594 521 1667 imbres,
534 1604 585 1654 aut
598 1594 662 1653 coeli
675 1602 879 1674 tempestatem
888 1593 983 1654 minus
994 1581 1185 1662 commodam,
1194 1590 1257 1649 ludi

273 1689 533 1769 interpellarentur.
568 1690 643 1750 Eam
664 1692 770 1751 theatri
791 1680 903 1771 partem
920 1690 1120 1768 praelectiones
1142 1688 1256 1747 videtur
1278 1762 1282 1765 ι

274 1787 420 1865 appellare
434 1785 600 1845 Vitruvius:
622 1785 742 1860 Plinius,
753 1790 883 1865 parietem
892 1789 1098 1864 circumjectum.
1140 1785 1201 1845 Sed
1213 1785 1256 1842 iu·
1282 1858 1284 1861 Ι

273 1882 394 1943 seriores
408 1893 438 1942 et
451 1883 501 1963 imi
514 1882 618 1942 theatri
631 1883 758 1961 porticus
778 1884 908 1964 duplices
922 1892 1014 1953 eraut,
1027 1880 1178 1959 medieque
1191 1899 1257 1959 spa·

274 1980 315 2039 tia
330 1980 384 2057 sub
399 1978 466 2038 divo
478 1979 554 2038 inter
566 1980 704 2058 porticus,
718 1979 856 2039 viridibus
872 1979 1097 2047 edomabautur,
1111 1976 1190 2055 quod
1203 1976 1258 2054 (in-

274 2074 337 2154 quit
350 2075 511 2153 Vrtrnvius)
522 2076 678 2153 Hypoetlroe
687 2077 876 2136 ambulationes
887 2075 1027 2135 haberent
1038 2092 1171 2152 magnam
1181 2074 1257 2132 saln-

273 2171 418 2231 britatem.
459 2168 659 2250 Replebantur
676 2190 800 2253 quoque,
821 2182 939 2232 auctore
961 2169 1065 2241 Plinio,
1086 2169 1158 2228 flore
1177 2160 1256 2228 croci

274 2266 430 2355 sylvestris,
448 2270 567 2353 propter
587 2268 733 2328 oculorum
753 2268 986 2339 oblectationem,
1007 2276 1143 2346 utputo,
1164 2265 1256 2344 magis

274 2382 362 2446 quarn
375 2363 415 2441 ad
428 2363 548 2446 odorem
566 2364 787 2425 conciliandum.
827 2364 905 2431 Quin
923 2363 1011 2423 etiam
1027 2382 1065 2421 ne
1084 2351 1153 2422 solis
1170 2362 1257 2421 ardor

272 2471 325 2519 ant
343 2460 430 2520 edam
442 2472 615 2541 conspectus
634 2463 773 2542 populum
791 2463 828 2522 ab
846 2460 940 2521 officio
959 2459 1144 2520 deturbaretr
1165 2468 1256 2537 utque

271 2555 434 2616 salubribus
447 2553 623 2636 spectatores
637 2559 837 2638 conspicerent
849 2560 927 2637 (narn
936 2556 1064 2635 porticus
1074 2565 1195 2634 propter
1207 2554 1258 2612 im-

271 2652 340 2711 bres
354 2663 466 2711 tantum
479 2653 631 2712 aedificatae
641 2653 771 2732 fuerunt)
785 2654 1028 2732 excogitatarum
1044 2654 1103 2711 cels
1120 2643 1182 2711 toto
1197 2641 1256 2710 'tle-

274 2756 345 2817 atro,
358 2758 447 2824 atque
466 2748 541 2806 adeo
558 2748 613 2827 ipsi
632 2748 738 2809 theatri
757 2763 859 2812 cavete
869 2762 1051 2830 superteusa,
1066 2770 1131 2828 quae
1144 2760 1256 2828 specta·

272 2843 382 2901 toribus
403 2843 533 2902 umbram
552 2844 701 2905 iacerentr
723 2848 801 2925 quod
823 2847 931 2925 primus
949 2845 1074 2904 omniurn
1096 2845 1204 2905 invenit
1217 2847 1255 2911 Q.

274 2925 404 3008 calidus,
424 2958 489 2996 cum
509 2927 684 3016 Capitolium
702 2933 860 2998 dedicaret.
901 2940 1175 3000 Carbasiuadeinde
1192 2941 1257 3000 vela

271 3034 379 3114 primus
392 3034 422 3092 in
435 3035 548 3093 theatro
562 3034 679 3098 duxisse
691 3036 814 3093 traditur
831 3034 974 3094 Lentulus
994 3034 1129 3113 Spinther
1144 3036 1255 3115 Apolli·

272 3132 389 3190 naribus
398 3131 490 3189 ludis:
510 3121 580 3189 mox
591 3130 643 3207 (ait
653 3129 773 3206 Plinius)
785 3131 883 3191 Cae‘sar
896 3131 1041 3202 Dictator,
1055 3141 1148 3190 totum
1161 3134 1256 3192 forum

219 3215 225 3220 ¹
273 3227 436 3286 Romanum
449 3225 564 3283 intexit.
605 3225 686 3284 Nero
701 3227 800 3286 Coesar
812 3226 892 3297 velis,
911 3226 1082 3287 rudentibus
1096 3239 1253 3307 superstra-

269 3323 309 3382 tis
329 3331 360 3381 et
376 3321 474 3380 colore
492 3320 557 3380 coeli
575 3320 681 3379 stellati
698 3322 939 3400 amphitheatrum
957 3316 1097 3396 contenit,
1118 3334 1151 3383 ut
1164 3325 1255 3384 solem

263 3409 474 3486 defenderent.
514 3416 578 3476 Ima
594 3417 698 3476 theatri
716 3418 801 3482 sedes
818 3419 864 3477 vel
884 3418 978 3497 potius
996 3419 1027 3477 id
1039 3420 1161 3499 spatium
1175 3420 1254 3498 quod

271 3517 309 3577 ab
322 3515 380 3573 ima
392 3514 463 3573 sede
476 3507 579 3572 theatri
597 3514 784 3589 interjacebat
804 3515 923 3594 pulpito,
937 3517 1074 3575 orchestra
1092 3516 1252 3588 dicebatur,

272 3632 352 3691 quasr
345 3611 540 3681 saltatorum,
553 3611 629 3687 quod
643 3611 702 3670 illic
716 3610 794 3689 apud
808 3610 929 3669 Grecos
940 3621 970 3670 et
978 3610 1056 3689 apud
1069 3612 1189 3672 Latinos
1203 3633 1254 3672 au·

271 3699 420 3787 tiquiores,
435 3708 570 3766 saltantes
587 3706 741 3765 histriones
754 3707 862 3784 populo
876 3702 1097 3767 oblectationem
1110 3708 1254 3780 afferrent,

272 3804 383 3862 interea
396 3803 464 3860 dum
478 3813 561 3860 actus
574 3813 829 3862 commutarentur.
859 3802 895 3859 In
909 3822 972 3861 eam
983 3803 1071 3861 etiam
1082 3799 1257 3882 Thymclici,

190 3964 194 3970 ¹
272 3898 330 3957 hoc
344 3908 397 3968 est,
412 3896 587 3965 citharistae,
602 3897 767 3977 Citharoe'di,
780 3895 931 3957 Tibicines
939 3918 1004 3964 suas
1017 3897 1193 3977 praestabant
1207 3918 1254 3957 ac·

271 3994 366 4053 tiones
384 3992 452 4070 ipsis
471 3991 594 4062 Graecis,
614 4002 701 4071 atque
714 3994 744 4050 id
759 3989 882 4072 spatium
896 3990 1162 4073 comprehendebat
1176 3994 1254 4074 apud

272 4083 416 4187 antiquos,
426 4086 504 4166 quod
518 4107 571 4146 ceu
585 4082 716 4148 centrum
725 4083 830 4158 theatri
840 4091 877 4148 ab
889 4091 947 4150 imo
957 4091 1050 4169 gradu
1060 4091 1098 4150 ad
1110 4090 1254 4170 pulpitum

272 4181 406 4263 usque
383 4201 478 4242 scenae
496 4201 621 4243 vacuum
631 4185 874 4263 relinquebatur.
895 4186 930 4243 In
944 4186 1122 4246 theatrorum
1135 4185 1253 4246 orches·

269 4282 320 4342 tris
334 4255 436 4359 (inquit
450 4279 570 4351 Plinius)
585 4279 674 4340 scobe
685 4291 735 4339 aut
747 4300 843 4354 arena
840 4287 1007 4360 superjecta
1019 4303 1076 4343 vox
1089 4281 1251 4354 devoratur,

271 4390 302 4439 et
314 4377 344 4438 in
357 4370 422 4436 rudi
439 4376 581 4455 parietum
595 4377 801 4453 circumjectu:
810 4372 998 4459 quapropter
1017 4379 1149 4440 existimo
1162 4378 1254 4482 probe
1276 4373 1300 4392 ”
