<?xml version="1.0" encoding="UTF-8"?>
<!DOCTYPE html PUBLIC "-//W3C//DTD XHTML 1.0 Transitional//EN"
    "http://www.w3.org/TR/xhtml1/DTD/xhtml1-transitional.dtd">
<html xmlns="http://www.w3.org/1999/xhtml" xml:lang="en" lang="en">
 <head>
  <title>
</title>
<meta http-equiv="Content-Type" content="text/html;charset=utf-8" />
  <meta name='ocr-system' content='tesseract 3.04.00' />
  <meta name='ocr-capabilities' content='ocr_page ocr_carea ocr_par ocr_line ocrx_word'/>
</head>
<body>
  <div class='ocr_page' id='page_1' title='image "./pterentiicartha00unkngoog/pterentiicartha00unkngoog_0613.png"; bbox 0 0 2917 4950; ppageno 0'>
   <div class='ocr_carea' id='block_1_1' title="bbox 455 394 1233 470">
    <p class='ocr_par' dir='ltr' id='par_1_1' title="bbox 455 394 1233 470">
     <span class='ocr_line' id='line_1_1' title="bbox 455 394 1233 470; baseline 0.005 -4"><span class='ocrx_word' id='word_1_1' title='bbox 455 394 579 468; x_wconf 78' lang='lat' dir='ltr'>AG&#39;l&#39;.·</span> <span class='ocrx_word' id='word_1_2' title='bbox 596 399 659 468; x_wconf 50' lang='grc' dir='ltr'>ΙΙ..</span> <span class='ocrx_word' id='word_1_3' title='bbox 678 394 858 468; x_wconf 81' lang='lat' dir='ltr'>SCENA</span> <span class='ocrx_word' id='word_1_4' title='bbox 880 395 950 468; x_wconf 90' lang='lat'>111.</span> <span class='ocrx_word' id='word_1_5' title='bbox 1167 401 1233 470; x_wconf 75' lang='lat'>578</span> 
     </span>
    </p>
   </div>
   <div class='ocr_carea' id='block_1_2' title="bbox 158 584 1233 1900">
    <p class='ocr_par' dir='ltr' id='par_1_2' title="bbox 158 584 1233 1900">
     <span class='ocr_line' id='line_1_2' title="bbox 158 584 941 673; baseline 0.001 -19"><span class='ocrx_word' id='word_1_6' title='bbox 158 618 161 624; x_wconf 49' lang='lat'>²</span> <span class='ocrx_word' id='word_1_7' title='bbox 182 584 298 669; x_wconf 80' lang='lat' dir='ltr'>Quum</span> <span class='ocrx_word' id='word_1_8' title='bbox 313 588 389 673; x_wconf 86' lang='lat' dir='ltr'>ejus</span> <span class='ocrx_word' id='word_1_9' title='bbox 402 593 472 653; x_wconf 89' lang='lat' dir='ltr'>tam</span> <span class='ocrx_word' id='word_1_10' title='bbox 486 589 707 672; x_wconf 83' lang='lat' dir='ltr'>negleguntur</span> <span class='ocrx_word' id='word_1_11' title='bbox 720 589 941 656; x_wconf 70' lang='lat' dir='ltr'>internuncii:</span> 
     </span>
     <span class='ocr_line' id='line_1_3' title="bbox 176 696 969 782; baseline 0.001 -18"><span class='ocrx_word' id='word_1_12' title='bbox 176 696 273 764; x_wconf 81' lang='lat' dir='ltr'>&#39;Nam</span> <span class='ocrx_word' id='word_1_13' title='bbox 289 697 474 782; x_wconf 80' lang='lat' dir='ltr'>disciplina</span> <span class='ocrx_word' id='word_1_14' title='bbox 488 704 541 764; x_wconf 87' lang='lat' dir='ltr'>cst</span> <span class='ocrx_word' id='word_1_15' title='bbox 555 699 695 779; x_wconf 67' lang='lat' dir='ltr'>eudem,</span> <span class='ocrx_word' id='word_1_16' title='bbox 710 701 917 767; x_wconf 74' lang='lat' dir='ltr'>munerarier</span> <span class='ocrx_word' id='word_1_17' title='bbox 965 700 969 716; x_wconf 81' lang='lat'>&#39;</span> 
     </span>
     <span class='ocr_line' id='line_1_4' title="bbox 180 809 1233 895; baseline -0.001 -19"><span class='ocrx_word' id='word_1_18' title='bbox 180 810 336 877; x_wconf 83' lang='lat' dir='ltr'>Ancillas</span> <span class='ocrx_word' id='word_1_19' title='bbox 352 811 507 894; x_wconf 89' lang='lat' dir='ltr'>primum,</span> <span class='ocrx_word' id='word_1_20' title='bbox 524 810 569 875; x_wconf 93' lang='lat' dir='ltr'>ad</span> <span class='ocrx_word' id='word_1_21' title='bbox 584 812 740 876; x_wconf 89' lang='lat' dir='ltr'>dominas</span> <span class='ocrx_word' id='word_1_22' title='bbox 756 811 816 895; x_wconf 90' lang='lat' dir='ltr'>qui</span> <span class='ocrx_word' id='word_1_23' title='bbox 830 809 1100 876; x_wconf 63' lang='lat' dir='ltr'>affeemntuiam.</span> <span class='ocrx_word' id='word_1_24' title='bbox 1188 809 1233 875; x_wconf 92' lang='grc'>60</span> 
     </span>
     <span class='ocr_line' id='line_1_5' title="bbox 180 914 1229 1007; baseline 0.005 -22"><span class='ocrx_word' id='word_1_25' title='bbox 180 921 287 986; x_wconf 68' lang='lat' dir='ltr'>omn</span> <span class='ocrx_word' id='word_1_26' title='bbox 311 919 432 1005; x_wconf 84' lang='lat' dir='ltr'>Perge,</span> <span class='ocrx_word' id='word_1_27' title='bbox 449 922 593 987; x_wconf 87' lang='lat' dir='ltr'>obsecro</span> <span class='ocrx_word' id='word_1_28' title='bbox 608 927 652 1001; x_wconf 89' lang='lat' dir='ltr'>te,</span> <span class='ocrx_word' id='word_1_29' title='bbox 668 928 702 987; x_wconf 86' lang='lat' dir='ltr'>et</span> <span class='ocrx_word' id='word_1_30' title='bbox 716 943 802 990; x_wconf 88' lang='lat' dir='ltr'>cave</span> <span class='ocrx_word' id='word_1_31' title='bbox 814 943 858 987; x_wconf 91' lang='lat' dir='ltr'>ne</span> <span class='ocrx_word' id='word_1_32' title='bbox 873 923 997 989; x_wconf 86' lang='lat' dir='ltr'>falsam</span> <span class='ocrx_word' id='word_1_33' title='bbox 1011 923 1153 1007; x_wconf 81' lang='lat' dir='ltr'>gratiam</span> <span class='ocrx_word' id='word_1_34' title='bbox 1224 914 1229 927; x_wconf 53' lang='lat'>⁸</span> 
     </span>
     <span class='ocr_line' id='line_1_6' title="bbox 181 1032 953 1118; baseline 0.001 -21"><span class='ocrx_word' id='word_1_35' title='bbox 181 1032 328 1097; x_wconf 78' lang='lat' dir='ltr'><strong>Studeas</strong></span> <span class='ocrx_word' id='word_1_36' title='bbox 341 1034 438 1098; x_wconf 85' lang='lat' dir='ltr'>inire.</span> <span class='ocrx_word' id='word_1_37' title='bbox 455 1032 544 1118; x_wconf 86' lang='lat' dir='ltr'>quid-</span> <span class='ocrx_word' id='word_1_38' title='bbox 554 1033 614 1110; x_wconf 90' lang='lat' dir='ltr'>ait,</span> <span class='ocrx_word' id='word_1_39' title='bbox 628 1034 689 1099; x_wconf 93' lang='lat' dir='ltr'>ubi</span> <span class='ocrx_word' id='word_1_40' title='bbox 699 1054 759 1100; x_wconf 87' lang='lat' dir='ltr'>me</span> <span class='ocrx_word' id='word_1_41' title='bbox 772 1034 953 1099; x_wconf 86' lang='lat' dir='ltr'>nominast</span> 
     </span>
     <span class='ocr_line' id='line_1_7' title="bbox 180 1145 925 1229; baseline 0.003 -20"><span class='ocrx_word' id='word_1_42' title='bbox 180 1145 217 1210; x_wconf 85' lang='lat' dir='ltr'>S.</span> <span class='ocrx_word' id='word_1_43' title='bbox 240 1145 310 1210; x_wconf 88' lang='lat' dir='ltr'>Ubi</span> <span class='ocrx_word' id='word_1_44' title='bbox 325 1145 472 1211; x_wconf 85' lang='lat' dir='ltr'>dicimus</span> <span class='ocrx_word' id='word_1_45' title='bbox 486 1145 617 1211; x_wconf 81' lang='lat' dir='ltr'>redisse</span> <span class='ocrx_word' id='word_1_46' title='bbox 631 1151 676 1224; x_wconf 89' lang='lat' dir='ltr'>te,</span> <span class='ocrx_word' id='word_1_47' title='bbox 691 1151 727 1211; x_wconf 87' lang='lat' dir='ltr'>et</span> <span class='ocrx_word' id='word_1_48' title='bbox 739 1165 860 1229; x_wconf 82' lang='lat' dir='ltr'>rogare</span> <span class='ocrx_word' id='word_1_49' title='bbox 874 1146 925 1211; x_wconf 93' lang='lat' dir='ltr'>uti</span> 
     </span>
     <span class='ocr_line' id='line_1_8' title="bbox 179 1254 848 1322; baseline 0.003 -2"><span class='ocrx_word' id='word_1_50' title='bbox 179 1254 320 1322; x_wconf 79' lang='lat' dir='ltr'>Veniret</span> <span class='ocrx_word' id='word_1_51' title='bbox 333 1256 379 1322; x_wconf 89' lang='lat' dir='ltr'>ad</span> <span class='ocrx_word' id='word_1_52' title='bbox 393 1262 447 1322; x_wconf 87' lang='lat' dir='ltr'>te:</span> <span class='ocrx_word' id='word_1_53' title='bbox 470 1255 590 1321; x_wconf 88' lang='lat' dir='ltr'>mulier</span> <span class='ocrx_word' id='word_1_54' title='bbox 602 1256 706 1322; x_wconf 87' lang='lat' dir='ltr'>telam</span> <span class='ocrx_word' id='word_1_55' title='bbox 720 1257 848 1322; x_wconf 86' lang='lat' dir='ltr'>deserit</span> 
     </span>
     <span class='ocr_line' id='line_1_9' title="bbox 181 1366 1229 1453; baseline -0.001 -21"><span class='ocrx_word' id='word_1_56' title='bbox 181 1366 363 1447; x_wconf 84' lang='lat' dir='ltr'>Continuo,</span> <span class='ocrx_word' id='word_1_57' title='bbox 378 1373 413 1434; x_wconf 93' lang='lat' dir='ltr'>et</span> <span class='ocrx_word' id='word_1_58' title='bbox 426 1368 587 1433; x_wconf 81' lang='lat' dir='ltr'>lacrumis</span> <span class='ocrx_word' id='word_1_59' title='bbox 602 1369 721 1453; x_wconf 81' lang='lat' dir='ltr'>opplet</span> <span class='ocrx_word' id='word_1_60' title='bbox 736 1388 777 1435; x_wconf 88' lang='lat' dir='ltr'>os</span> <span class='ocrx_word' id='word_1_61' title='bbox 791 1373 900 1434; x_wconf 89' lang='lat' dir='ltr'>totum</span> <span class='ocrx_word' id='word_1_62' title='bbox 915 1367 1001 1434; x_wconf 85' lang='lat' dir='ltr'>sibi:</span> <span class='ocrx_word' id='word_1_63' title='bbox 1187 1366 1229 1431; x_wconf 76' lang='grc'>66</span> 
     </span>
     <span class='ocr_line' id='line_1_10' title="bbox 181 1478 876 1563; baseline 0.003 -21"><span class='ocrx_word' id='word_1_64' title='bbox 181 1478 229 1543; x_wconf 90' lang='lat' dir='ltr'>Ut</span> <span class='ocrx_word' id='word_1_65' title='bbox 240 1479 343 1544; x_wconf 84' lang='lat' dir='ltr'>facile</span> <span class='ocrx_word' id='word_1_66' title='bbox 358 1480 465 1545; x_wconf 87' lang='lat' dir='ltr'>scires</span> <span class='ocrx_word' id='word_1_67' title='bbox 481 1479 650 1545; x_wconf 88' lang='lat' dir='ltr'>desiderio</span> <span class='ocrx_word' id='word_1_68' title='bbox 665 1479 702 1545; x_wconf 92' lang='lat' dir='ltr'>id</span> <span class='ocrx_word' id='word_1_69' title='bbox 715 1479 790 1545; x_wconf 88' lang='lat' dir='ltr'>fieri</span> <span class='ocrx_word' id='word_1_70' title='bbox 804 1485 876 1563; x_wconf 78' lang='lat' dir='ltr'>bro.</span> 
     </span>
     <span class='ocr_line' id='line_1_11' title="bbox 180 1577 1185 1676; baseline -0.003 -20"><span class='ocrx_word' id='word_1_71' title='bbox 180 1591 290 1658; x_wconf 75' lang='lat' dir='ltr'>cnm.</span> <span class='ocrx_word' id='word_1_72' title='bbox 314 1592 392 1658; x_wconf 78' lang='grc' dir='ltr'><strong><em>Ριιι</em></strong></span> <span class='ocrx_word' id='word_1_73' title='bbox 407 1591 545 1676; x_wconf 83' lang='lat' dir='ltr'>gaudio,</span> <span class='ocrx_word' id='word_1_74' title='bbox 560 1594 611 1658; x_wconf 89' lang='lat' dir='ltr'>ita</span> <span class='ocrx_word' id='word_1_75' title='bbox 624 1613 678 1658; x_wconf 91' lang='lat' dir='ltr'>me</span> <span class='ocrx_word' id='word_1_76' title='bbox 695 1593 743 1658; x_wconf 93' lang='lat' dir='ltr'>Di</span> <span class='ocrx_word' id='word_1_77' title='bbox 757 1595 882 1670; x_wconf 87' lang='lat' dir='ltr'>ament,</span> <span class='ocrx_word' id='word_1_78' title='bbox 897 1577 957 1655; x_wconf 90' lang='lat' dir='ltr'>ubi</span> <span class='ocrx_word' id='word_1_79' title='bbox 974 1590 1040 1655; x_wconf 89' lang='lat' dir='ltr'>sim</span> <span class='ocrx_word' id='word_1_80' title='bbox 1053 1587 1185 1653; x_wconf 90' lang='lat' dir='ltr'>nescio.</span> 
     </span>
     <span class='ocr_line' id='line_1_12' title="bbox 181 1698 1165 1788; baseline -0.004 -22"><span class='ocrx_word' id='word_1_81' title='bbox 181 1701 358 1767; x_wconf 86' lang='lat' dir='ltr'>Ita-timui.</span> <span class='ocrx_word' id='word_1_82' title='bbox 403 1703 510 1769; x_wconf 69' lang='lat' dir='ltr'>Gelu.</span> <span class='ocrx_word' id='word_1_83' title='bbox 533 1703 583 1769; x_wconf 84' lang='lat' dir='ltr'>At</span> <span class='ocrx_word' id='word_1_84' title='bbox 596 1725 661 1788; x_wconf 83' lang='lat' dir='ltr'>ego</span> <span class='ocrx_word' id='word_1_85' title='bbox 671 1704 756 1769; x_wconf 86' lang='lat' dir='ltr'>nihil</span> <span class='ocrx_word' id='word_1_86' title='bbox 771 1721 849 1768; x_wconf 86' lang='lat' dir='ltr'>esse</span> <span class='ocrx_word' id='word_1_87' title='bbox 862 1702 1027 1779; x_wconf 83' lang='lat' dir='ltr'>sciebam,</span> <span class='ocrx_word' id='word_1_88' title='bbox 1041 1698 1165 1765; x_wconf 83' lang='lat' dir='ltr'>Clinia.</span> 
     </span>
     <span class='ocr_line' id='line_1_13' title="bbox 177 1811 1041 1900; baseline 0.001 -24"><span class='ocrx_word' id='word_1_89' title='bbox 177 1811 334 1895; x_wconf 84' lang='lat' dir='ltr'>Agedum</span> <span class='ocrx_word' id='word_1_90' title='bbox 347 1815 513 1896; x_wconf 84' lang='lat' dir='ltr'>vicissim,</span> <span class='ocrx_word' id='word_1_91' title='bbox 528 1815 624 1900; x_wconf 83' lang='lat' dir='ltr'>Syre,</span> <span class='ocrx_word' id='word_1_92' title='bbox 637 1815 693 1881; x_wconf 92' lang='lat' dir='ltr'>dic</span> <span class='ocrx_word' id='word_1_93' title='bbox 709 1834 788 1900; x_wconf 81' lang='lat' dir='ltr'>quae</span> <span class='ocrx_word' id='word_1_94' title='bbox 803 1813 909 1879; x_wconf 87' lang='lat' dir='ltr'>illa&#39;st</span> <span class='ocrx_word' id='word_1_95' title='bbox 922 1812 1041 1877; x_wconf 87' lang='lat' dir='ltr'>altera.</span> 
     </span>
    </p>
   </div>
   <div class='ocr_carea' id='block_1_3' title="bbox 179 2024 1232 2459">
    <p class='ocr_par' dir='ltr' id='par_1_3' title="bbox 179 2024 1232 2459">
     <span class='ocr_line' id='line_1_14' title="bbox 182 2024 1232 2094; baseline 0.005 -21"><span class='ocrx_word' id='word_1_96' title='bbox 182 2024 247 2074; x_wconf 81' lang='lat' dir='ltr'>Noua</span> <span class='ocrx_word' id='word_1_97' title='bbox 260 2025 330 2074; x_wconf 83' lang='lat' dir='ltr'>etism</span> <span class='ocrx_word' id='word_1_98' title='bbox 346 2024 461 2092; x_wconf 79' lang='lat' dir='ltr'>significat</span> <span class='ocrx_word' id='word_1_99' title='bbox 479 2030 593 2079; x_wconf 83' lang='lat' dir='ltr'>damnum.</span> <span class='ocrx_word' id='word_1_100' title='bbox 621 2031 680 2079; x_wconf 81' lang='lat' dir='ltr'>Sue·</span> <span class='ocrx_word' id='word_1_101' title='bbox 729 2034 817 2094; x_wconf 77' lang='lat' dir='ltr'>Georg.</span> <span class='ocrx_word' id='word_1_102' title='bbox 827 2030 934 2083; x_wconf 63' lang='lat' dir='ltr'>lusce.</span> <span class='ocrx_word' id='word_1_103' title='bbox 944 2027 1142 2094; x_wconf 81' lang='lat' dir='ltr'>uiamqueaffeetut</span> <span class='ocrx_word' id='word_1_104' title='bbox 1150 2028 1232 2093; x_wconf 80' lang='lat' dir='ltr'>Olym·</span> 
     </span>
     <span class='ocr_line' id='line_1_15' title="bbox 181 2099 1230 2168; baseline 0.006 -22"><span class='ocrx_word' id='word_1_105' title='bbox 181 2104 230 2146; x_wconf 89' lang='lat' dir='ltr'>ton.</span> <span class='ocrx_word' id='word_1_106' title='bbox 242 2100 265 2146; x_wconf 89' lang='lat' dir='ltr'>in</span> <span class='ocrx_word' id='word_1_107' title='bbox 283 2099 386 2159; x_wconf 71' lang='lat' dir='ltr'>Castro,</span> <span class='ocrx_word' id='word_1_108' title='bbox 402 2118 453 2164; x_wconf 78' lang='lat' dir='ltr'>cap.</span> <span class='ocrx_word' id='word_1_109' title='bbox 466 2106 506 2151; x_wconf 79' lang='lat' dir='ltr'>ai.</span> <span class='ocrx_word' id='word_1_110' title='bbox 524 2106 681 2168; x_wconf 74' lang='lat' dir='ltr'>spuriuamqus</span> <span class='ocrx_word' id='word_1_111' title='bbox 725 2122 765 2167; x_wconf 77' lang='lat' dir='ltr'>po,</span> <span class='ocrx_word' id='word_1_112' title='bbox 777 2106 949 2165; x_wconf 81' lang='lat' dir='ltr'>interpretatur,</span> <span class='ocrx_word' id='word_1_113' title='bbox 958 2103 1000 2150; x_wconf 88' lang='lat' dir='ltr'>ille</span> <span class='ocrx_word' id='word_1_114' title='bbox 1011 2109 1127 2165; x_wconf 69' lang='lat' dir='ltr'>praeparat</span> <span class='ocrx_word' id='word_1_115' title='bbox 1136 2103 1183 2151; x_wconf 89' lang='lat' dir='ltr'>sibi</span> <span class='ocrx_word' id='word_1_116' title='bbox 1193 2105 1230 2152; x_wconf 89' lang='lat' dir='ltr'>di·</span> 
     </span>
     <span class='ocr_line' id='line_1_16' title="bbox 179 2172 1137 2240; baseline -0.007 -10"><span class='ocrx_word' id='word_1_117' title='bbox 179 2172 284 2229; x_wconf 51' lang='lat' dir='ltr'>Mb</span> <span class='ocrx_word' id='word_1_118' title='bbox 293 2181 315 2219; x_wconf 67' lang='lat' dir='ltr'>ti</span> <span class='ocrx_word' id='word_1_119' title='bbox 323 2172 444 2238; x_wconf 74' lang='lat' dir='ltr'>ulfulsum</span> <span class='ocrx_word' id='word_1_120' title='bbox 451 2191 556 2239; x_wconf 72' lang='lat' dir='ltr'>argum,</span> <span class='ocrx_word' id='word_1_121' title='bbox 567 2179 625 2240; x_wconf 86' lang='lat' dir='ltr'>quod</span> <span class='ocrx_word' id='word_1_122' title='bbox 635 2180 681 2225; x_wconf 86' lang='lat' dir='ltr'>sine</span> <span class='ocrx_word' id='word_1_123' title='bbox 729 2178 797 2226; x_wconf 85' lang='lat' dir='ltr'>vinos</span> <span class='ocrx_word' id='word_1_124' title='bbox 805 2179 913 2234; x_wconf 86' lang='lat' dir='ltr'>bonores,</span> <span class='ocrx_word' id='word_1_125' title='bbox 924 2192 964 2224; x_wconf 90' lang='lat' dir='ltr'>seu</span> <span class='ocrx_word' id='word_1_126' title='bbox 976 2176 1090 2238; x_wconf 85' lang='lat' dir='ltr'>disponit.</span> <span class='ocrx_word' id='word_1_127' title='bbox 1108 2175 1137 2225; x_wconf 83' lang='lat' dir='ltr'>C.</span> 
     </span>
     <span class='ocr_line' id='line_1_17' title="bbox 179 2244 1231 2314; baseline 0.007 -23"><span class='ocrx_word' id='word_1_128' title='bbox 179 2244 506 2297; x_wconf 77' lang='lat' dir='ltr'>rstlcasauoscidusMartioe</span> <span class='ocrx_word' id='word_1_129' title='bbox 516 2260 591 2298; x_wconf 66' lang='lat' dir='ltr'>esent</span> <span class='ocrx_word' id='word_1_130' title='bbox 609 2249 638 2299; x_wconf 81' lang='lat' dir='ltr'>C.</span> <span class='ocrx_word' id='word_1_131' title='bbox 760 2250 972 2314; x_wconf 78' lang='lat' dir='ltr'>Aueiltusprimum]</span> <span class='ocrx_word' id='word_1_132' title='bbox 985 2249 1157 2312; x_wconf 71' lang='lat' dir='ltr'>Hieronymad</span> <span class='ocrx_word' id='word_1_133' title='bbox 1167 2253 1231 2298; x_wconf 79' lang='lat' dir='ltr'>Gau·</span> 
     </span>
     <span class='ocr_line' id='line_1_18' title="bbox 223 2317 1230 2385; baseline 0.004 -19"><span class='ocrx_word' id='word_1_134' title='bbox 223 2320 256 2368; x_wconf 82' lang='lat'>58</span> <span class='ocrx_word' id='word_1_135' title='bbox 282 2317 436 2382; x_wconf 77' lang='lat' dir='ltr'>Intauuncie]</span> <span class='ocrx_word' id='word_1_136' title='bbox 466 2320 616 2380; x_wconf 78' lang='lat' dir='ltr'>internuncii,</span> <span class='ocrx_word' id='word_1_137' title='bbox 640 2324 681 2385; x_wconf 91' lang='lat' dir='ltr'>qui</span> <span class='ocrx_word' id='word_1_138' title='bbox 729 2324 792 2371; x_wconf 77' lang='lat' dir='ltr'>dent</span> <span class='ocrx_word' id='word_1_139' title='bbox 803 2323 873 2370; x_wconf 85' lang='lat' dir='ltr'>soleat</span> <span class='ocrx_word' id='word_1_140' title='bbox 884 2323 958 2369; x_wconf 63' lang='lat' dir='ltr'>&amp;sciui</span> <span class='ocrx_word' id='word_1_141' title='bbox 967 2323 1058 2369; x_wconf 77' lang='lat' dir='ltr'>contuli</span> <span class='ocrx_word' id='word_1_142' title='bbox 1061 2324 1156 2383; x_wconf 76' lang='lat' dir='ltr'>juvenes</span> <span class='ocrx_word' id='word_1_143' title='bbox 1164 2322 1230 2370; x_wconf 83' lang='lat' dir='ltr'>blan·</span> 
     </span>
     <span class='ocr_line' id='line_1_19' title="bbox 180 2390 1230 2459; baseline 0.001 -21"><span class='ocrx_word' id='word_1_144' title='bbox 180 2390 265 2439; x_wconf 87' lang='lat' dir='ltr'>nuncia</span> <span class='ocrx_word' id='word_1_145' title='bbox 275 2399 353 2441; x_wconf 89' lang='lat' dir='ltr'>serunt</span> <span class='ocrx_word' id='word_1_146' title='bbox 364 2394 394 2441; x_wconf 89' lang='lat' dir='ltr'>ad</span> <span class='ocrx_word' id='word_1_147' title='bbox 411 2400 532 2452; x_wconf 84' lang='lat' dir='ltr'>amatores,</span> <span class='ocrx_word' id='word_1_148' title='bbox 543 2402 568 2443; x_wconf 88' lang='lat' dir='ltr'>et</span> <span class='ocrx_word' id='word_1_149' title='bbox 578 2399 680 2445; x_wconf 76' lang='lat' dir='ltr'>referunt</span> <span class='ocrx_word' id='word_1_150' title='bbox 728 2395 838 2450; x_wconf 76' lang='lat' dir='ltr'>elimentis,</span> <span class='ocrx_word' id='word_1_151' title='bbox 846 2391 986 2459; x_wconf 78' lang='lat' dir='ltr'>affabilitate,</span> <span class='ocrx_word' id='word_1_152' title='bbox 995 2393 1134 2440; x_wconf 61' lang='lat' dir='ltr'>munusculis</span> <span class='ocrx_word' id='word_1_153' title='bbox 1139 2395 1230 2440; x_wconf 82' lang='lat' dir='ltr'>aditum</span> 
     </span>
    </p>
   </div>
   <div class='ocr_carea' id='block_1_4' title="bbox 92 2464 1229 2532">
    <p class='ocr_par' dir='ltr' id='par_1_4' title="bbox 92 2464 1229 2532">
     <span class='ocr_line' id='line_1_20' title="bbox 92 2464 1229 2532; baseline 0.003 -21"><span class='ocrx_word' id='word_1_154' title='bbox 92 2464 94 2468; x_wconf 62' lang='lat'>&#39;</span> <span class='ocrx_word' id='word_1_155' title='bbox 180 2465 210 2511; x_wconf 88' lang='lat' dir='ltr'>sd</span> <span class='ocrx_word' id='word_1_156' title='bbox 231 2471 323 2513; x_wconf 79' lang='lat' dir='ltr'>amatas</span> <span class='ocrx_word' id='word_1_157' title='bbox 364 2467 430 2524; x_wconf 89' lang='lat' dir='ltr'>Quos</span> <span class='ocrx_word' id='word_1_158' title='bbox 448 2467 518 2530; x_wconf 85' lang='lat' dir='ltr'>aliqui</span> <span class='ocrx_word' id='word_1_159' title='bbox 540 2485 680 2532; x_wconf 76' lang='lat' dir='ltr'>gynoegogos</span> <span class='ocrx_word' id='word_1_160' title='bbox 728 2470 768 2517; x_wconf 84' lang='lat' dir='ltr'>sibi</span> <span class='ocrx_word' id='word_1_161' title='bbox 785 2485 826 2530; x_wconf 81' lang='lat' dir='ltr'>per</span> <span class='ocrx_word' id='word_1_162' title='bbox 842 2469 940 2516; x_wconf 79' lang='lat' dir='ltr'>nutrices</span> <span class='ocrx_word' id='word_1_163' title='bbox 955 2467 985 2515; x_wconf 87' lang='lat' dir='ltr'>ud</span> <span class='ocrx_word' id='word_1_164' title='bbox 1003 2466 1106 2514; x_wconf 82' lang='lat' dir='ltr'>alumnas</span> <span class='ocrx_word' id='word_1_165' title='bbox 1124 2483 1229 2528; x_wconf 59' lang='lat' dir='ltr'>quaere.</span> 
     </span>
    </p>
   </div>
   <div class='ocr_carea' id='block_1_5' title="bbox 158 2535 1236 4426">
    <p class='ocr_par' dir='ltr' id='par_1_5' title="bbox 179 2535 1235 3912">
     <span class='ocr_line' id='line_1_21' title="bbox 179 2535 1230 2600; baseline 0.002 -16"><span class='ocrx_word' id='word_1_166' title='bbox 179 2535 408 2587; x_wconf 81' lang='lat' dir='ltr'>diountaducendis</span> <span class='ocrx_word' id='word_1_167' title='bbox 417 2541 562 2590; x_wconf 83' lang='lat' dir='ltr'>mulieribus</span> <span class='ocrx_word' id='word_1_168' title='bbox 595 2544 679 2590; x_wconf 83' lang='lat' dir='ltr'>Utrum</span> <span class='ocrx_word' id='word_1_169' title='bbox 728 2542 785 2589; x_wconf 87' lang='lat' dir='ltr'>Vid</span> <span class='ocrx_word' id='word_1_170' title='bbox 805 2541 876 2589; x_wconf 82' lang='lat' dir='ltr'>Ouid.</span> <span class='ocrx_word' id='word_1_171' title='bbox 892 2540 922 2586; x_wconf 84' lang='lat' dir='ltr'>de</span> <span class='ocrx_word' id='word_1_172' title='bbox 937 2546 986 2587; x_wconf 74' lang='lat' dir='ltr'>erte</span> <span class='ocrx_word' id='word_1_173' title='bbox 999 2538 1096 2587; x_wconf 87' lang='lat' dir='ltr'>amandi.</span> <span class='ocrx_word' id='word_1_174' title='bbox 1114 2539 1230 2600; x_wconf 72' lang='lat' dir='ltr'>Lysiasiu</span> 
     </span>
     <span class='ocr_line' id='line_1_22' title="bbox 181 2610 1230 2676; baseline 0.001 -19"><span class='ocrx_word' id='word_1_175' title='bbox 181 2611 249 2667; x_wconf 85' lang='lat' dir='ltr'>bene</span> <span class='ocrx_word' id='word_1_176' title='bbox 254 2626 343 2668; x_wconf 85' lang='lat' dir='ltr'>necue,</span> <span class='ocrx_word' id='word_1_177' title='bbox 353 2628 400 2673; x_wconf 83' lang='lat' dir='ltr'>rpsr</span> <span class='ocrx_word' id='word_1_178' title='bbox 391 2613 566 2663; x_wconf 70' lang='lat' dir='ltr'>asennec</span> <span class='ocrx_word' id='word_1_179' title='bbox 728 2614 798 2674; x_wconf 79' lang='lat' dir='ltr'>Apol.</span> <span class='ocrx_word' id='word_1_180' title='bbox 832 2614 879 2667; x_wconf 80' lang='lat' dir='ltr'>Qui</span> <span class='ocrx_word' id='word_1_181' title='bbox 895 2610 1013 2676; x_wconf 81' lang='lat' dir='ltr'>affectunt]</span> <span class='ocrx_word' id='word_1_182' title='bbox 1030 2610 1230 2658; x_wconf 76' lang='lat' dir='ltr'>SareiasAEneid.</span> 
     </span>
     <span class='ocr_line' id='line_1_23' title="bbox 214 2683 1231 2750; baseline 0 -20"><span class='ocrx_word' id='word_1_183' title='bbox 214 2683 354 2734; x_wconf 76' lang='lat' dir='ltr'>Seboliutes</span> <span class='ocrx_word' id='word_1_184' title='bbox 362 2686 467 2734; x_wconf 87' lang='lat' dir='ltr'>Bembini</span> <span class='ocrx_word' id='word_1_185' title='bbox 470 2690 680 2750; x_wconf 65' lang='lat' dir='ltr'>,immuuneicspro</span> <span class='ocrx_word' id='word_1_186' title='bbox 728 2684 1231 2746; x_wconf 73' lang='lat' dir='ltr'>111.670.JuniurPtitng.Georg.lv</span> 
     </span>
     <span class='ocr_line' id='line_1_24' title="bbox 179 2759 832 2819; baseline 0.003 -14"><span class='ocrx_word' id='word_1_187' title='bbox 179 2759 335 2818; x_wconf 71' lang='lat' dir='ltr'>muuuusuit,</span> <span class='ocrx_word' id='word_1_188' title='bbox 345 2760 381 2806; x_wconf 85' lang='lat' dir='ltr'>sed</span> <span class='ocrx_word' id='word_1_189' title='bbox 399 2763 507 2809; x_wconf 71' lang='lat' dir='ltr'>enuntia</span> <span class='ocrx_word' id='word_1_190' title='bbox 526 2761 573 2810; x_wconf 73' lang='lat' dir='ltr'>hee</span> <span class='ocrx_word' id='word_1_191' title='bbox 589 2762 623 2809; x_wconf 84' lang='lat' dir='ltr'>itu</span> <span class='ocrx_word' id='word_1_192' title='bbox 640 2769 680 2819; x_wconf 83' lang='lat' dir='ltr'>est,</span> <span class='ocrx_word' id='word_1_193' title='bbox 728 2760 785 2807; x_wconf 75' lang='lat'>562</span> <span class='ocrx_word' id='word_1_194' title='bbox 802 2760 832 2807; x_wconf 79' lang='lat' dir='ltr'>L</span> 
     </span>
     <span class='ocr_line' id='line_1_25' title="bbox 181 2828 1230 2895; baseline 0.001 -18"><span class='ocrx_word' id='word_1_195' title='bbox 181 2832 274 2893; x_wconf 82' lang='lat' dir='ltr'>quinon</span> <span class='ocrx_word' id='word_1_196' title='bbox 283 2832 458 2895; x_wconf 75' lang='lat' dir='ltr'>negligerentur,</span> <span class='ocrx_word' id='word_1_197' title='bbox 463 2835 680 2884; x_wconf 70' lang='lat' dir='ltr'>usuemiuternun·</span> <span class='ocrx_word' id='word_1_198' title='bbox 763 2835 794 2880; x_wconf 84' lang='lat'>61</span> <span class='ocrx_word' id='word_1_199' title='bbox 812 2830 902 2878; x_wconf 77' lang='lat' dir='ltr'>Falsum</span> <span class='ocrx_word' id='word_1_200' title='bbox 917 2830 1030 2894; x_wconf 64' lang='lat' dir='ltr'>gratum]</span> <span class='ocrx_word' id='word_1_201' title='bbox 1051 2828 1147 2877; x_wconf 84' lang='lat' dir='ltr'>Scilicet</span> <span class='ocrx_word' id='word_1_202' title='bbox 1166 2845 1230 2878; x_wconf 83' lang='lat' dir='ltr'>mea·</span> 
     </span>
     <span class='ocr_line' id='line_1_26' title="bbox 180 2901 1231 2971; baseline -0.003 -20"><span class='ocrx_word' id='word_1_203' title='bbox 180 2905 218 2951; x_wconf 82' lang='lat' dir='ltr'>aii.</span> <span class='ocrx_word' id='word_1_204' title='bbox 252 2903 368 2952; x_wconf 70' lang='lat' dir='ltr'>Ceterum</span> <span class='ocrx_word' id='word_1_205' title='bbox 388 2921 467 2953; x_wconf 88' lang='lat' dir='ltr'>omnes</span> <span class='ocrx_word' id='word_1_206' title='bbox 490 2908 571 2964; x_wconf 84' lang='lat' dir='ltr'>nostri,</span> <span class='ocrx_word' id='word_1_207' title='bbox 596 2915 680 2971; x_wconf 81' lang='lat' dir='ltr'>praeter</span> <span class='ocrx_word' id='word_1_208' title='bbox 729 2903 817 2952; x_wconf 83' lang='lat' dir='ltr'>tiendo</span> <span class='ocrx_word' id='word_1_209' title='bbox 853 2903 930 2949; x_wconf 85' lang='lat' dir='ltr'>Nam</span> <span class='ocrx_word' id='word_1_210' title='bbox 923 2917 975 2962; x_wconf 78' lang='lat' dir='ltr'>ipsu</span> <span class='ocrx_word' id='word_1_211' title='bbox 985 2901 1071 2949; x_wconf 77' lang='lat' dir='ltr'>rescito</span> <span class='ocrx_word' id='word_1_212' title='bbox 1082 2902 1156 2964; x_wconf 71' lang='lat' dir='ltr'>grata</span> <span class='ocrx_word' id='word_1_213' title='bbox 1171 2901 1231 2949; x_wconf 89' lang='lat' dir='ltr'>inita</span> 
     </span>
     <span class='ocr_line' id='line_1_27' title="bbox 181 2974 915 3033; baseline -0.003 -10"><span class='ocrx_word' id='word_1_214' title='bbox 181 2992 260 3033; x_wconf 82' lang='lat' dir='ltr'>unum,</span> <span class='ocrx_word' id='word_1_215' title='bbox 280 2976 314 3023; x_wconf 80' lang='lat' dir='ltr'>ita</span> <span class='ocrx_word' id='word_1_216' title='bbox 330 2979 401 3024; x_wconf 83' lang='lat' dir='ltr'>verbs</span> <span class='ocrx_word' id='word_1_217' title='bbox 419 2980 548 3027; x_wconf 70' lang='lat' dir='ltr'>collocante</span> <span class='ocrx_word' id='word_1_218' title='bbox 564 2997 616 3028; x_wconf 84' lang='lat' dir='ltr'>eum</span> <span class='ocrx_word' id='word_1_219' title='bbox 634 2989 680 3028; x_wconf 80' lang='lat' dir='ltr'>tum</span> <span class='ocrx_word' id='word_1_220' title='bbox 727 2974 869 3024; x_wconf 77' lang='lat' dir='ltr'>frustaberis</span> <span class='ocrx_word' id='word_1_221' title='bbox 886 2974 915 3023; x_wconf 90' lang='lat' dir='ltr'>C</span> 
     </span>
     <span class='ocr_line' id='line_1_28' title="bbox 180 3048 1231 3114; baseline 0.001 -20"><span class='ocrx_word' id='word_1_222' title='bbox 180 3049 539 3113; x_wconf 67' lang='lat' dir='ltr'>negligunturejusinternaueii</span> <span class='ocrx_word' id='word_1_223' title='bbox 573 3051 680 3114; x_wconf 75' lang='lat' dir='ltr'>Corrige,</span> <span class='ocrx_word' id='word_1_224' title='bbox 762 3048 1231 3108; x_wconf 76' lang='lat' dir='ltr'>64Plrceuoum13emb.tegereaamu</span> 
     </span>
     <span class='ocr_line' id='line_1_29' title="bbox 180 3119 1231 3185; baseline -0.001 -18"><span class='ocrx_word' id='word_1_225' title='bbox 180 3121 378 3185; x_wconf 69' lang='lat' dir='ltr'>negligiturque</span> <span class='ocrx_word' id='word_1_226' title='bbox 371 3126 521 3171; x_wconf 66' lang='lat' dir='ltr'>catanancen</span> <span class='ocrx_word' id='word_1_227' title='bbox 553 3125 614 3173; x_wconf 84' lang='lat' dir='ltr'>Nam</span> <span class='ocrx_word' id='word_1_228' title='bbox 631 3140 680 3172; x_wconf 87' lang='lat' dir='ltr'>ser·</span> <span class='ocrx_word' id='word_1_229' title='bbox 729 3138 773 3184; x_wconf 85' lang='lat' dir='ltr'>pro</span> <span class='ocrx_word' id='word_1_230' title='bbox 781 3121 870 3180; x_wconf 73' lang='lat' dir='ltr'>vulgari</span> <span class='ocrx_word' id='word_1_231' title='bbox 880 3121 966 3168; x_wconf 76' lang='lat' dir='ltr'>deseret</span> <span class='ocrx_word' id='word_1_232' title='bbox 991 3121 1051 3167; x_wconf 86' lang='lat' dir='ltr'>Nam</span> <span class='ocrx_word' id='word_1_233' title='bbox 1061 3119 1231 3167; x_wconf 67' lang='lat' dir='ltr'>umectum</span> 
     </span>
     <span class='ocr_line' id='line_1_30' title="bbox 181 3192 1232 3254; baseline -0.003 -12"><span class='ocrx_word' id='word_1_234' title='bbox 181 3210 224 3242; x_wconf 82' lang='lat' dir='ltr'>vus</span> <span class='ocrx_word' id='word_1_235' title='bbox 232 3194 308 3241; x_wconf 88' lang='lat' dir='ltr'>nullus</span> <span class='ocrx_word' id='word_1_236' title='bbox 319 3196 400 3242; x_wconf 89' lang='lat' dir='ltr'>habuit</span> <span class='ocrx_word' id='word_1_237' title='bbox 409 3196 509 3245; x_wconf 86' lang='lat' dir='ltr'>domins.</span> <span class='ocrx_word' id='word_1_238' title='bbox 526 3199 555 3245; x_wconf 89' lang='lat' dir='ltr'>B.</span> <span class='ocrx_word' id='word_1_239' title='bbox 729 3202 766 3243; x_wconf 87' lang='lat' dir='ltr'>est</span> <span class='ocrx_word' id='word_1_240' title='bbox 776 3195 848 3251; x_wconf 87' lang='lat' dir='ltr'>abire,</span> <span class='ocrx_word' id='word_1_241' title='bbox 859 3195 990 3254; x_wconf 74' lang='lat' dir='ltr'>suidgerus</span> <span class='ocrx_word' id='word_1_242' title='bbox 1000 3193 1060 3250; x_wconf 88' lang='lat' dir='ltr'>tela·;</span> <span class='ocrx_word' id='word_1_243' title='bbox 1077 3193 1119 3240; x_wconf 83' lang='lat' dir='ltr'>sed</span> <span class='ocrx_word' id='word_1_244' title='bbox 1132 3192 1232 3239; x_wconf 57' lang='lat' dir='ltr'>doma</span> 
     </span>
     <span class='ocr_line' id='line_1_31' title="bbox 213 3266 979 3334; baseline -0.005 -18"><span class='ocrx_word' id='word_1_245' title='bbox 213 3269 246 3316; x_wconf 84' lang='lat'>59</span> <span class='ocrx_word' id='word_1_246' title='bbox 263 3266 323 3315; x_wconf 84' lang='lat' dir='ltr'>Num</span> <span class='ocrx_word' id='word_1_247' title='bbox 340 3268 458 3329; x_wconf 81' lang='lat' dir='ltr'>disciplina</span> <span class='ocrx_word' id='word_1_248' title='bbox 475 3270 519 3334; x_wconf 80' lang='lat' dir='ltr'>est]</span> <span class='ocrx_word' id='word_1_249' title='bbox 535 3271 681 3331; x_wconf 81' lang='lat' dir='ltr'>Praeceptum</span> <span class='ocrx_word' id='word_1_250' title='bbox 729 3275 766 3315; x_wconf 88' lang='lat' dir='ltr'>est</span> <span class='ocrx_word' id='word_1_251' title='bbox 773 3268 931 3314; x_wconf 83' lang='lat' dir='ltr'>intermittere.</span> <span class='ocrx_word' id='word_1_252' title='bbox 949 3267 979 3312; x_wconf 90' lang='lat' dir='ltr'>B.</span> 
     </span>
     <span class='ocr_line' id='line_1_32' title="bbox 181 3336 1232 3400; baseline -0.003 -13"><span class='ocrx_word' id='word_1_253' title='bbox 181 3340 205 3387; x_wconf 88' lang='lat' dir='ltr'>iu</span> <span class='ocrx_word' id='word_1_254' title='bbox 221 3346 270 3387; x_wconf 86' lang='lat' dir='ltr'>arta</span> <span class='ocrx_word' id='word_1_255' title='bbox 287 3341 387 3397; x_wconf 88' lang='lat' dir='ltr'>amandi,</span> <span class='ocrx_word' id='word_1_256' title='bbox 404 3343 428 3388; x_wconf 92' lang='lat'>1.</span> <span class='ocrx_word' id='word_1_257' title='bbox 446 3345 503 3391; x_wconf 81' lang='lat'><strong>351.</strong></span> <span class='ocrx_word' id='word_1_258' title='bbox 522 3349 549 3389; x_wconf 88' lang='lat' dir='ltr'>ut</span> <span class='ocrx_word' id='word_1_259' title='bbox 568 3349 681 3390; x_wconf 83' lang='lat' dir='ltr'>amatores</span> <span class='ocrx_word' id='word_1_260' title='bbox 733 3373 736 3376; x_wconf 92' lang='lat'>-</span> <span class='ocrx_word' id='word_1_261' title='bbox 763 3342 794 3388; x_wconf 84' lang='lat'>65</span> <span class='ocrx_word' id='word_1_262' title='bbox 812 3338 891 3400; x_wconf 73' lang='lat' dir='ltr'>Opplet</span> <span class='ocrx_word' id='word_1_263' title='bbox 899 3337 934 3400; x_wconf 87' lang='lat' dir='ltr'>os]</span> <span class='ocrx_word' id='word_1_264' title='bbox 951 3340 1012 3385; x_wconf 79' lang='lat' dir='ltr'>Nam</span> <span class='ocrx_word' id='word_1_265' title='bbox 1023 3355 1053 3386; x_wconf 83' lang='lat' dir='ltr'>ex</span> <span class='ocrx_word' id='word_1_266' title='bbox 1061 3338 1134 3385; x_wconf 85' lang='lat' dir='ltr'>nimio</span> <span class='ocrx_word' id='word_1_267' title='bbox 1144 3336 1232 3398; x_wconf 75' lang='lat' dir='ltr'>gaudio</span> 
     </span>
     <span class='ocr_line' id='line_1_33' title="bbox 181 3410 1231 3476; baseline -0.003 -17"><span class='ocrx_word' id='word_1_268' title='bbox 181 3412 247 3472; x_wconf 85' lang='lat' dir='ltr'>prius</span> <span class='ocrx_word' id='word_1_269' title='bbox 258 3413 353 3459; x_wconf 79' lang='lat' dir='ltr'>ancillas</span> <span class='ocrx_word' id='word_1_270' title='bbox 360 3422 514 3476; x_wconf 83' lang='lat' dir='ltr'>corrumpant.</span> <span class='ocrx_word' id='word_1_271' title='bbox 531 3413 560 3462; x_wconf 88' lang='lat' dir='ltr'>C.</span> <span class='ocrx_word' id='word_1_272' title='bbox 729 3412 844 3460; x_wconf 84' lang='lat' dir='ltr'>interdurn</span> <span class='ocrx_word' id='word_1_273' title='bbox 866 3412 973 3473; x_wconf 73' lang='lat' dir='ltr'>lacryma</span> <span class='ocrx_word' id='word_1_274' title='bbox 1000 3411 1124 3473; x_wconf 75' lang='lat' dir='ltr'>provenire</span> <span class='ocrx_word' id='word_1_275' title='bbox 1145 3410 1231 3456; x_wconf 79' lang='lat' dir='ltr'>solent.</span> 
     </span>
     <span class='ocr_line' id='line_1_34' title="bbox 214 3483 1231 3548; baseline -0.004 -17"><span class='ocrx_word' id='word_1_276' title='bbox 214 3485 600 3547; x_wconf 83' lang='lat' dir='ltr'>Dubitantinterpretesdeiisdem.</span> <span class='ocrx_word' id='word_1_277' title='bbox 611 3489 680 3534; x_wconf 79' lang='lat' dir='ltr'>Forte</span> <span class='ocrx_word' id='word_1_278' title='bbox 729 3485 851 3548; x_wconf 79' lang='lat' dir='ltr'>Apuleius,</span> <span class='ocrx_word' id='word_1_279' title='bbox 869 3485 965 3531; x_wconf 86' lang='lat' dir='ltr'>Metam.</span> <span class='ocrx_word' id='word_1_280' title='bbox 977 3484 1016 3530; x_wconf 85' lang='lat'>1.:</span> <span class='ocrx_word' id='word_1_281' title='bbox 1040 3492 1096 3531; x_wconf 83' lang='lat' dir='ltr'>tunc</span> <span class='ocrx_word' id='word_1_282' title='bbox 1116 3498 1156 3546; x_wconf 83' lang='lat' dir='ltr'>ego</span> <span class='ocrx_word' id='word_1_283' title='bbox 1175 3483 1231 3529; x_wconf 76' lang='grc' dir='ltr'><strong><em>ιιιιιί</em></strong></span> 
     </span>
     <span class='ocr_line' id='line_1_35' title="bbox 179 3553 1233 3621; baseline -0.003 -16"><span class='ocrx_word' id='word_1_284' title='bbox 179 3559 227 3621; x_wconf 73' lang='lat' dir='ltr'>leg.</span> <span class='ocrx_word' id='word_1_285' title='bbox 248 3573 300 3605; x_wconf 88' lang='lat' dir='ltr'>num</span> <span class='ocrx_word' id='word_1_286' title='bbox 320 3558 440 3618; x_wconf 79' lang='lat' dir='ltr'>disciplina</span> <span class='ocrx_word' id='word_1_287' title='bbox 457 3567 488 3605; x_wconf 84' lang='lat' dir='ltr'>cst</span> <span class='ocrx_word' id='word_1_288' title='bbox 507 3566 572 3606; x_wconf 68' lang='lat' dir='ltr'>aetu-</span> <span class='ocrx_word' id='word_1_289' title='bbox 590 3559 680 3610; x_wconf 83' lang='lat' dir='ltr'>Gellius</span> <span class='ocrx_word' id='word_1_290' title='bbox 729 3559 866 3606; x_wconf 63' lang='lat' dir='ltr'>muralia</span> <span class='ocrx_word' id='word_1_291' title='bbox 874 3572 991 3619; x_wconf 68' lang='lat' dir='ltr'>quusqm</span> <span class='ocrx_word' id='word_1_292' title='bbox 1001 3553 1128 3621; x_wconf 57' lang='lat' dir='ltr'>affatum</span> <span class='ocrx_word' id='word_1_293' title='bbox 1143 3562 1233 3602; x_wconf 63' lang='lat' dir='ltr'>cmuc-</span> 
     </span>
     <span class='ocr_line' id='line_1_36' title="bbox 180 3627 1232 3693; baseline -0.005 -14"><span class='ocrx_word' id='word_1_294' title='bbox 180 3631 242 3679; x_wconf 88' lang='lat' dir='ltr'>XX.</span> <span class='ocrx_word' id='word_1_295' title='bbox 253 3629 682 3693; x_wconf 81' lang='lat' dir='ltr'>1.scieseuimmeprodisciplinusee·</span> <span class='ocrx_word' id='word_1_296' title='bbox 728 3634 791 3679; x_wconf 79' lang='lat' dir='ltr'>rium</span> <span class='ocrx_word' id='word_1_297' title='bbox 799 3631 919 3691; x_wconf 76' lang='lat' dir='ltr'>prevenire.</span> <span class='ocrx_word' id='word_1_298' title='bbox 953 3627 1014 3675; x_wconf 87' lang='lat' dir='ltr'>Num</span> <span class='ocrx_word' id='word_1_299' title='bbox 1031 3637 1059 3675; x_wconf 85' lang='lat' dir='ltr'>ut</span> <span class='ocrx_word' id='word_1_300' title='bbox 1076 3629 1232 3689; x_wconf 66' lang='lat' dir='ltr'>heruncu-</span> 
     </span>
     <span class='ocr_line' id='line_1_37' title="bbox 181 3700 1232 3767; baseline -0.003 -18"><span class='ocrx_word' id='word_1_301' title='bbox 181 3711 210 3751; x_wconf 80' lang='lat' dir='ltr'>ne</span> <span class='ocrx_word' id='word_1_302' title='bbox 228 3719 293 3764; x_wconf 83' lang='lat' dir='ltr'>quum</span> <span class='ocrx_word' id='word_1_303' title='bbox 314 3703 370 3760; x_wconf 84' lang='lat' dir='ltr'>colu,</span> <span class='ocrx_word' id='word_1_304' title='bbox 386 3706 499 3767; x_wconf 70' lang='lat' dir='ltr'>inquirere</span> <span class='ocrx_word' id='word_1_305' title='bbox 513 3705 596 3765; x_wconf 82' lang='lat' dir='ltr'>potius,</span> <span class='ocrx_word' id='word_1_306' title='bbox 615 3719 681 3766; x_wconf 83' lang='lat' dir='ltr'>quum</span> <span class='ocrx_word' id='word_1_307' title='bbox 727 3704 803 3765; x_wconf 82' lang='lat' dir='ltr'>picule</span> <span class='ocrx_word' id='word_1_308' title='bbox 822 3703 849 3748; x_wconf 84' lang='lat' dir='ltr'>de</span> <span class='ocrx_word' id='word_1_309' title='bbox 866 3702 952 3765; x_wconf 80' lang='lat' dir='ltr'>gaudio</span> <span class='ocrx_word' id='word_1_310' title='bbox 965 3701 1090 3761; x_wconf 55' lang='lat' dir='ltr'>prodessen</span> <span class='ocrx_word' id='word_1_311' title='bbox 1112 3700 1232 3746; x_wconf 72' lang='lat' dir='ltr'>itastis</span> 
     </span>
     <span class='ocr_line' id='line_1_38' title="bbox 180 3771 1235 3835; baseline -0.003 -12"><span class='ocrx_word' id='word_1_312' title='bbox 180 3776 302 3823; x_wconf 73' lang='grc' dir='ltr'><strong><em>ἀιιιιιιιιι.</em></strong></span> <span class='ocrx_word' id='word_1_313' title='bbox 319 3778 347 3823; x_wconf 87' lang='grc' dir='ltr'>Β.</span> <span class='ocrx_word' id='word_1_314' title='bbox 728 3778 768 3823; x_wconf 77' lang='lat' dir='ltr'>itio</span> <span class='ocrx_word' id='word_1_315' title='bbox 784 3776 852 3822; x_wconf 66' lang='lat' dir='ltr'>trimis</span> <span class='ocrx_word' id='word_1_316' title='bbox 869 3775 1036 3835; x_wconf 51' lang='lat' dir='ltr'>pomeriata</span> <span class='ocrx_word' id='word_1_317' title='bbox 1053 3771 1144 3835; x_wconf 74' lang='lat' dir='ltr'>utquiui</span> <span class='ocrx_word' id='word_1_318' title='bbox 1159 3772 1235 3820; x_wconf 73' lang='lat' dir='ltr'>emti·</span> 
     </span>
     <span class='ocr_line' id='line_1_39' title="bbox 181 3844 835 3912; baseline 0 -16"><span class='ocrx_word' id='word_1_319' title='bbox 181 3883 185 3888; x_wconf 82' lang='lat'><em>-</em></span> <span class='ocrx_word' id='word_1_320' title='bbox 211 3851 244 3896; x_wconf 87' lang='grc'>66</span> <span class='ocrx_word' id='word_1_321' title='bbox 259 3844 385 3912; x_wconf 80' lang='lat' dir='ltr'>Affectuut]</span> <span class='ocrx_word' id='word_1_322' title='bbox 404 3846 513 3912; x_wconf 76' lang='lat' dir='ltr'>Affecture</span> <span class='ocrx_word' id='word_1_323' title='bbox 531 3855 569 3897; x_wconf 90' lang='lat' dir='ltr'>est</span> <span class='ocrx_word' id='word_1_324' title='bbox 583 3863 682 3909; x_wconf 87' lang='lat' dir='ltr'>pronum</span> <span class='ocrx_word' id='word_1_325' title='bbox 728 3865 789 3898; x_wconf 81' lang='lat' dir='ltr'>uere.</span> <span class='ocrx_word' id='word_1_326' title='bbox 807 3847 835 3896; x_wconf 87' lang='lat' dir='ltr'>C.</span> 
     </span>
    </p>

    <p class='ocr_par' dir='ltr' id='par_1_6' title="bbox 158 3918 1236 4426">
     <span class='ocr_line' id='line_1_40' title="bbox 158 3918 1234 3982; baseline -0.002 -14"><span class='ocrx_word' id='word_1_327' title='bbox 158 3966 161 3973; x_wconf 88' lang='grc'>,</span> <span class='ocrx_word' id='word_1_328' title='bbox 180 3922 283 3976; x_wconf 80' lang='lat' dir='ltr'>animam</span> <span class='ocrx_word' id='word_1_329' title='bbox 293 3921 323 3967; x_wconf 87' lang='lat' dir='ltr'>ad</span> <span class='ocrx_word' id='word_1_330' title='bbox 333 3919 463 3967; x_wconf 84' lang='lat' dir='ltr'>iaciendum</span> <span class='ocrx_word' id='word_1_331' title='bbox 473 3921 565 3967; x_wconf 84' lang='lat' dir='ltr'>babere.</span> <span class='ocrx_word' id='word_1_332' title='bbox 583 3922 617 3967; x_wconf 94' lang='lat' dir='ltr'>Ut</span> <span class='ocrx_word' id='word_1_333' title='bbox 624 3920 682 3967; x_wconf 86' lang='lat' dir='ltr'>dicit</span> <span class='ocrx_word' id='word_1_334' title='bbox 763 3925 794 3972; x_wconf 85' lang='lat'>66</span> <span class='ocrx_word' id='word_1_335' title='bbox 811 3923 850 3968; x_wconf 89' lang='lat' dir='ltr'>Ne</span> <span class='ocrx_word' id='word_1_336' title='bbox 861 3921 950 3981; x_wconf 79' lang='lat' dir='ltr'>syllaba</span> <span class='ocrx_word' id='word_1_337' title='bbox 959 3919 1014 3967; x_wconf 88' lang='lat' dir='ltr'>huic</span> <span class='ocrx_word' id='word_1_338' title='bbox 1026 3919 1103 3966; x_wconf 83' lang='lat' dir='ltr'>versui</span> <span class='ocrx_word' id='word_1_339' title='bbox 1122 3918 1234 3982; x_wconf 62' lang='lat' dir='ltr'>supersit,</span> 
     </span>
     <span class='ocr_line' id='line_1_41' title="bbox 181 3991 1234 4057; baseline -0.003 -15"><span class='ocrx_word' id='word_1_340' title='bbox 181 3994 272 4042; x_wconf 82' lang='lat' dir='ltr'>Festus.</span> <span class='ocrx_word' id='word_1_341' title='bbox 289 3993 429 4041; x_wconf 76' lang='lat' dir='ltr'>Lamentim</span> <span class='ocrx_word' id='word_1_342' title='bbox 439 3993 505 4049; x_wconf 86' lang='lat' dir='ltr'>dicit,</span> <span class='ocrx_word' id='word_1_343' title='bbox 515 3991 619 4057; x_wconf 75' lang='lat' dir='ltr'>affectare</span> <span class='ocrx_word' id='word_1_344' title='bbox 629 4007 681 4039; x_wconf 86' lang='lat' dir='ltr'>esse</span> <span class='ocrx_word' id='word_1_345' title='bbox 731 3994 822 4056; x_wconf 81' lang='lat' dir='ltr'>corrige</span> <span class='ocrx_word' id='word_1_346' title='bbox 830 3994 893 4051; x_wconf 81' lang='lat' dir='ltr'>scius,</span> <span class='ocrx_word' id='word_1_347' title='bbox 901 4001 926 4041; x_wconf 90' lang='lat' dir='ltr'>et</span> <span class='ocrx_word' id='word_1_348' title='bbox 940 3992 1076 4055; x_wconf 83' lang='lat' dir='ltr'>pronuncia,</span> <span class='ocrx_word' id='word_1_349' title='bbox 1085 4001 1111 4040; x_wconf 82' lang='lat' dir='ltr'>et</span> <span class='ocrx_word' id='word_1_350' title='bbox 1116 3993 1234 4054; x_wconf 70' lang='lat' dir='ltr'>monosyl-</span> 
     </span>
     <span class='ocr_line' id='line_1_42' title="bbox 182 4065 853 4120; baseline 0 -6"><span class='ocrx_word' id='word_1_351' title='bbox 182 4067 267 4114; x_wconf 83' lang='lat' dir='ltr'>affectu</span> <span class='ocrx_word' id='word_1_352' title='bbox 291 4074 316 4113; x_wconf 90' lang='lat' dir='ltr'>st</span> <span class='ocrx_word' id='word_1_353' title='bbox 341 4072 425 4113; x_wconf 69' lang='lat' dir='ltr'>cauma</span> <span class='ocrx_word' id='word_1_354' title='bbox 452 4066 545 4120; x_wconf 85' lang='lat' dir='ltr'>alterius</span> <span class='ocrx_word' id='word_1_355' title='bbox 572 4065 681 4113; x_wconf 81' lang='lat' dir='ltr'>virtutem</span> <span class='ocrx_word' id='word_1_356' title='bbox 732 4068 806 4116; x_wconf 83' lang='lat' dir='ltr'>laben.</span> <span class='ocrx_word' id='word_1_357' title='bbox 826 4069 853 4114; x_wconf 88' lang='lat' dir='ltr'>B.</span> 
     </span>
     <span class='ocr_line' id='line_1_43' title="bbox 181 4138 1234 4201; baseline 0.001 -14"><span class='ocrx_word' id='word_1_358' title='bbox 181 4138 292 4195; x_wconf 86' lang='lat' dir='ltr'>aemulari,</span> <span class='ocrx_word' id='word_1_359' title='bbox 302 4155 371 4200; x_wconf 85' lang='lat' dir='ltr'>qaam</span> <span class='ocrx_word' id='word_1_360' title='bbox 384 4140 476 4201; x_wconf 84' lang='lat' dir='ltr'>assequi</span> <span class='ocrx_word' id='word_1_361' title='bbox 492 4154 602 4201; x_wconf 85' lang='lat' dir='ltr'>nequeas,</span> <span class='ocrx_word' id='word_1_362' title='bbox 611 4139 681 4186; x_wconf 79' lang='lat' dir='ltr'>reira-</span> <span class='ocrx_word' id='word_1_363' title='bbox 774 4144 806 4191; x_wconf 86' lang='lat'>68</span> <span class='ocrx_word' id='word_1_364' title='bbox 834 4142 936 4189; x_wconf 77' lang='lat' dir='ltr'>Verbum</span> <span class='ocrx_word' id='word_1_365' title='bbox 969 4141 1063 4188; x_wconf 82' lang='lat' dir='ltr'>sciebam</span> <span class='ocrx_word' id='word_1_366' title='bbox 1094 4140 1234 4188; x_wconf 79' lang='lat' dir='ltr'>scholiastes</span> 
     </span>
     <span class='ocr_line' id='line_1_44' title="bbox 183 4211 1233 4278; baseline 0.004 -19"><span class='ocrx_word' id='word_1_367' title='bbox 183 4220 251 4275; x_wconf 73' lang='lat' dir='ltr'>qanta</span> <span class='ocrx_word' id='word_1_368' title='bbox 266 4219 353 4260; x_wconf 88' lang='lat' dir='ltr'>natura.</span> <span class='ocrx_word' id='word_1_369' title='bbox 387 4213 571 4261; x_wconf 85' lang='lat' dir='ltr'>Seruiusautem</span> <span class='ocrx_word' id='word_1_370' title='bbox 589 4212 627 4259; x_wconf 88' lang='lat' dir='ltr'>hic</span> <span class='ocrx_word' id='word_1_371' title='bbox 644 4211 682 4260; x_wconf 88' lang='lat' dir='ltr'>in·</span> <span class='ocrx_word' id='word_1_372' title='bbox 732 4215 814 4261; x_wconf 85' lang='lat' dir='ltr'>Bemb.</span> <span class='ocrx_word' id='word_1_373' title='bbox 839 4215 1011 4278; x_wconf 79' lang='lat' dir='ltr'>iuterpretatur,</span> <span class='ocrx_word' id='word_1_374' title='bbox 1044 4215 1101 4277; x_wconf 86' lang='lat' dir='ltr'>quod</span> <span class='ocrx_word' id='word_1_375' title='bbox 1134 4215 1233 4263; x_wconf 76' lang='lat' dir='ltr'>timebas</span> 
     </span>
     <span class='ocr_line' id='line_1_45' title="bbox 181 4285 836 4351; baseline 0.002 -17"><span class='ocrx_word' id='word_1_376' title='bbox 181 4291 318 4349; x_wconf 78' lang='lat' dir='ltr'>terpretatur</span> <span class='ocrx_word' id='word_1_377' title='bbox 332 4285 446 4351; x_wconf 83' lang='lat' dir='ltr'>affectant,</span> <span class='ocrx_word' id='word_1_378' title='bbox 457 4286 519 4335; x_wconf 84' lang='lat' dir='ltr'>viam</span> <span class='ocrx_word' id='word_1_379' title='bbox 537 4291 684 4346; x_wconf 52' lang='lat' dir='ltr'>praeparatum</span> <span class='ocrx_word' id='word_1_380' title='bbox 731 4288 836 4336; x_wconf 74' lang='lat' dir='ltr'>Fures.</span> 
     </span>
     <span class='ocr_line' id='line_1_46' title="bbox 183 4357 1236 4426; baseline 0.003 -20"><span class='ocrx_word' id='word_1_381' title='bbox 183 4360 374 4420; x_wconf 80' lang='lat' dir='ltr'>quemadmodum</span> <span class='ocrx_word' id='word_1_382' title='bbox 398 4366 423 4410; x_wconf 82' lang='lat' dir='ltr'>et</span> <span class='ocrx_word' id='word_1_383' title='bbox 442 4358 501 4409; x_wconf 89' lang='lat' dir='ltr'>illud</span> <span class='ocrx_word' id='word_1_384' title='bbox 521 4357 683 4421; x_wconf 72' lang='lat' dir='ltr'>virgilianum,</span> <span class='ocrx_word' id='word_1_385' title='bbox 729 4379 735 4386; x_wconf 88' lang='grc'>·</span> <span class='ocrx_word' id='word_1_386' title='bbox 767 4363 800 4410; x_wconf 83' lang='grc'>69</span> <span class='ocrx_word' id='word_1_387' title='bbox 816 4362 930 4426; x_wconf 73' lang='lat' dir='ltr'>Agedum]</span> <span class='ocrx_word' id='word_1_388' title='bbox 946 4362 994 4425; x_wconf 77' lang='lat' dir='ltr'>Age</span> <span class='ocrx_word' id='word_1_389' title='bbox 1004 4360 1145 4422; x_wconf 73' lang='lat' dir='ltr'>singularem</span> <span class='ocrx_word' id='word_1_390' title='bbox 1154 4377 1236 4409; x_wconf 70' lang='lat' dir='ltr'>nune»</span> 
     </span>
    </p>
   </div>
   <div class='ocr_carea' id='block_1_6' title="bbox 0 0 1464 4950">
    <p class='ocr_par' dir='ltr' id='par_1_7' title="bbox 0 0 1464 4950">
     <span class='ocr_line' id='line_1_47' title="bbox 0 0 1464 4950; baseline 0 0"><span class='ocrx_word' id='word_1_391' title='bbox 0 0 1464 4950; x_wconf 95' lang='lat' dir='ltr'> </span> 
     </span>
    </p>
   </div>
  </div>
 </body>
</html>
