2917 4950
148 3014 151 3017 Ι
220 2971 272 3003 cem
282 2956 312 3003 ad
319 2957 412 3003 domurn
424 2954 506 3019 putris,
522 2970 562 3012 ne,
577 2955 598 3002 si
608 2971 724 3006 remense·

540 323 931 432 Hanune'urln.

209 365 274 434 626

211 551 251 617 G.
276 551 454 637 Loquere3
476 550 592 635 audio.
601 550 653 617 ·.S
659 550 959 637 Atjamhecnon
973 567 1082 635 ages,
1091 548 1269 635 engen

318 662 378 728 S
394 661 591 728 Videndum
606 664 694 727 eet
659 684 838 749 mquam,

211 759 327 840 A'mici
342 792 480 860 quoque
493 792 560 852 res,
575 771 699 854 Clinia,
710 777 787 846 tui
777 797 813 841 ιιι
827 781 912 846 tuto
915 782 954 842 nt
965 775 1167 854 collocetur.

212 884 305 949 Nam
321 885 353 949 si
364 903 454 949 nunc
471 904 493 949 a
507 884 608 950 nohis
628 885 716 967 abis,
741 892 776 953 et
790 889 1000 955 Bacchidem
1020 886 1078 956 hie
1092 886 1268 970 relinquis,

213 997 330 1062 Senex
343 994 505 1064 rescisset
518 996 612 1076 ilico,
625 1016 703 1062 esse
715 998 1212 1085 amoamcancchtipheuie:
1253 1011 1256 1016 ·

212 1107 250 1172 Si
265 1107 461 1185 abduxerim
478 1108 645 1173 celabitur
658 1109 788 1190 itidem,
803 1116 842 1176 nt
856 1109 1097 1186 celataudhuc
1110 1113 1173 1184 eut·
1226 1114 1271 1171 20

212 1220 254 1287 G.
269 1221 317 1287 At
330 1221 420 1286 enim
432 1223 520 1287 istoc
535 1221 620 1286 nihil
635 1226 688 1288 est
703 1224 825 1307 magis,
841 1223 938 1308 Syre,
954 1222 1048 1297 meia-
1059 1221 1190 1306 nuptiis
1207 1218 1275 1287 ad·

346 1352 501 1400 vorsum:

215 1444 392 1527 Namque
416 1464 474 1508 ore
498 1444 682 1528 appellabo
702 1447 860 1529 patrem?
894 1453 1002 1522 tenes,
1024 1443 1108 1529 quid
1131 1441 1269 1509 dicamt

345 1556 381 1619 S.
404 1554 561 1633 Quidni?

216 1668 255 1734 0.
274 1667 368 1747 Quid
383 1666 522 1734 dicam?
545 1688 647 1753 qnam
663 1686 806 1735 cansam
819 1667 980 1734 afferam?
1028 1666 1066 1760 S.
1081 1665 1176 1746 Quin
1190 1665 1271 1732 nolo

292 1751 299 1770 ⁴
343 1778 524 1849 mentiare:

220 1888 361 1974 Aperte,
375 1888 426 1953 ita
447 1895 485 1954 nt
507 1908 561 1962 res
587 1908 663 1954 sese
685 1890 800 1969 habet,
820 1893 967 1954 narrato.
1013 1883 1053 1953 0.
1078 1885 1174 1965 Quid
1196 1888 1273 1954 aiei

348 2001 387 2066 S.
409 2001 523 2067 Jubeo
1228 2002 1275 2060 24

217 2112 319 2178 illam
332 2115 366 2177 te
382 2129 507 2191 amare,
522 2116 556 2177 et
570 2112 661 2178 velle
673 2133 838 2181 uxorem:
860 2091 949 2178 hanc
965 2128 1043 2177 esse
1055 2109 1274 2196 clitipnonis.

250 2302 284 2346 16
301 2296 406 2350 Haemo
417 2297 482 2361 ages]
496 2298 526 2346 ld
537 2306 581 2355 est,
591 2300 676 2347 αιιάἐιι.
693 2298 721 2346 In
771 2300 904 2364 chinrgah'u.
921 2298 994 2347 ovid.
1010 2297 1079 2360 epist.
1097 2298 1142 2345 Vl.
1162 2299 1218 2347 145.
1231 2313 1276 2360 quc

217 2369 307 2420 Andria
315 2369 601 2434 herdaeagisiiaqnam]
621 2373 722 2420 Verbum
770 2373 839 2421 culm
859 2380 984 2436 neterque
1005 2386 1040 2419 me
1059 2369 1164 2419 celerose
1182 2371 1275 2419 iridem

218 2446 264 2494 hoc
280 2444 329 2493 rim
340 2443 457 2493 interdurn
473 2445 598 2493 maiman
608 2446 679 2494 hahet
692 2446 721 2493 ad
772 2446 803 2493 R.
815 2446 848 2494 D.

217 2517 723 2574 coemtionemsstaaendemesesuce,
805 2512 1133 2581 recchimundum
1149 2531 1231 2565 ιιιιιι
1247 2534 1277 2565 e·

217 2589 722 2657 mrguacggressnrisdicnntur.1itsuqmm
771 2591 888 2644 admouet,
887 2604 952 2651 quaa
962 2604 1009 2637 non
1020 2596 1088 2643 erunt
1101 2589 1201 2638 adversa
1216 2605 1277 2653 nnp·
1297 2614 1304 2623 ·

218 2663 305 2711 utimur
320 2675 482 2722 nonnunquam
494 2659 668 2720 inrepetitione
683 2677 731 2711 ιιι,
771 2661 820 2709 tiis.
837 2661 865 2707 0.

218 2736 392 2797 predictorum.
410 2737 439 2781 (i.
807 2731 1054 2797 Quisuoloossatiarr]
1070 2732 1282 2784 Hccexoonsilic·

254 2807 381 2855 Videndum
400 2815 440 2864 est,
463 2804 567 2871 inquam]
594 2808 724 2856 Persuadet
772 2806 830 2855 dicit
853 2821 941 2865 ssrvns,
960 2805 997 2854 uti
1016 2821 1063 2853 non
1077 2806 1211 2864 mentium,
1233 2809 1276 2856 ssd

220 2897 302 2929 servus
313 2880 404 2937 Oliuic,
414 2880 451 2928 uti
458 2881 725 2930 secumducutmeretri·
773 2878 882 2928 continuo
892 2878 965 2934 diost,
978 2877 1043 2927 iilum
1058 2877 1130 2926 tiliam
1144 2879 1276 2928 Chremetis

774 2968 800 3000 se
813 2967 911 3000 uxorem
919 2951 989 3008 velle,
1003 2957 1027 2998 et
1037 2966 1089 2999 esse
1103 2951 1163 2999 hano
1179 2952 1278 3001 amicum

219 3027 251 3074 rit
268 3028 294 3074 in
310 3027 388 3083 domo,
402 3027 470 3074 facile
485 3043 556 3076 senex
573 3027 724 3077 filiinmiccm

219 3099 298 3161 pessit
307 3114 440 3160 agnoscere.
457 3101 487 3148 E.

254 3175 286 3221 19
304 3169 394 3234 Noster]
410 3174 470 3219 Cum
476 3175 602 3222 momscha.
617 3176 648 3222 G.

254 3244 342 3292 Omnes
357 3244 513 3307 iibri,proeter
523 3246 670 3304 Bembinum,
683 3248 725 3295 hs-

174 3382 177 3389 !
221 3320 278 3365 beni
293 3323 358 3365 reete
374 3325 454 3374 nosen,
472 3333 515 3380 pro
529 3333 600 3377 unce,
615 3320 678 3384 qued
689 3327 726 3368 est

220 3391 285 3439 illins
292 3390 528 3452 interpretamentum.
545 3390 577 3438 B.
630 3427 635 3435 .

254 3467 288 3512 20
304 3464 330 3511 Si
349 3463 476 3526 nidenan]
500 3465 573 3512 Recte
591 3464 723 3512 ohduseis:

222 3553 275 3589 nem
281 3538 404 3585 ademar
410 3537 503 3599 proprie
510 3538 573 3598 quod
578 3537 685 3584 alienum.
695 3538 723 3586 G.

256 3615 287 3662 21
305 3612 337 3658 At
348 3609 479 3674 auam]
491 3611 552 3658 Haeo
566 3626 603 3658 res
620 3610 677 3659 mihi
688 3611 725 3658 vi·

222 3686 291 3731 detur
301 3698 352 3731 esse
360 3684 507 3732 vehementer
515 3683 639 3731 contrmin
662 3685 724 3732 Nam

223 3757 339 3818 quemme
349 3759 440 3818 rogaho,
448 3763 542 3817 patrem
551 3762 578 3804 ut
588 3756 724 3804 nichenam

223 3830 274 3884 det,
285 3829 306 3876 si
319 3828 379 3876 sciet
388 3844 463 3878 meam
478 3830 574 3878 amicam
585 3845 637 3876 esse
650 3845 725 3877 mere·

223 3900 321 3949 tricem?
348 3902 378 3950 E.

140 3972 147 3980 ’
257 3977 290 4022 22
312 3974 363 4028 Qua
378 3976 426 4040 ore]
445 3975 485 4024 Sic
504 3973 612 4033 dicimus,
631 3974 724 4037 quando

224 4046 311 4109 aliquid
325 4049 460 4108 pudendum
472 4047 646 4096 committimus.
678 4047 727 4109 Ap-

155 4173 158 4177 ·
221 4119 337 4185 polichoi]
353 4122 482 4170 Sidnxerc
490 4120 640 4171 Bacchidem.
659 4121 687 4169 0.

259 4194 309 4249 Quo
318 4195 365 4259 ore]
376 4197 398 4243 1.
408 4211 432 4244 e.-
442 4210 487 4256 qua
496 4194 646 4255 fidusis‚qua
656 4194 726 4241 auda·

224 4266 261 4314 cia
269 4267 295 4313 in
304 4266 401 4317 Phorm.
412 4269 446 4315 V.
457 4269 482 4314 7.
495 4270 535 4317 24.
549 4283 592 4330 qco
603 4267 679 4319 redibo
688 4283 726 4314 ore

224 4340 255 4386 od
270 4354 327 4388 eam.
336 4339 397 4389 ibid.
408 4342 438 4388 V.
453 4343 475 4387 8.
489 4342 529 4389 53.
546 4356 588 4402 qno
606 4355 642 4388 ore
660 4336 725 4388 iilum

774 3025 922 3087 Clitiphonis.
945 3024 996 3073 ‘sio
1005 3024 1066 3072 enim
1076 3036 1231 3087 persunmms
1240 3033 1278 3074 esi

773 3105 856 3159 postes
865 3097 960 3146 domino
975 3112 1068 3153 ιιιιιιι,
1078 3097 1126 3144 tale
1142 3097 1277 3161 repperisse

775 3187 801 3219 se
822 3170 954 3227 eonsilium,
970 3170 1007 3219 nti
1025 3186 1039 3217 a
1057 3169 1197 3221 Menedemo
1215 3171 1278 3220 tilius

774 3250 839 3306 petat
854 3245 986 3306 ριιιιιιὶιιι,
1003 3259 1050 3306 quo
1068 3243 1136 3305 qussi
1157 3243 1228 3303 dicct,
1251 3262 1278 3294 se

774 3318 835 3365 velie
845 3318 917 3366 hlium
927 3316 1057 3367 Chremetis
1070 3322 1170 3364 uxerem
1181 3319 1277 3377 ducere,

773 3391 809 3440 uti
827 3393 856 3439 ad
875 3391 968 3455 nuptias
984 3392 1069 3439 hahent
1083 3391 1230 3441 necessaria:
1252 3401 1278 3441 ct

773 3466 818 3512 hoo
828 3466 908 3513 medat
918 3480 990 3513 senex
1005 3469 1130 3526 propter-es
1143 3466 1279 3514 adelescen-

773 3538 848 3586 tulum
866 3544 956 3600 petere,
973 3553 1019 3599 qno
1037 3553 1080 3598 per
1095 3536 1210 3587 fallaciam
1226 3538 1278 3586 dari

773 3612 863 3673 possit3
882 3612 917 3660 iia
932 3619 967 3668 ut,
981 3627 1034 3660 curn
1048 3619 1173 3672 unumque
1190 3612 1280 3660 dixerit

774 3685 919 3741 adolescens,
929 3700 971 3748 per
981 3684 1096 3733 tcllscicm
1107 3682 1187 3734 dicere
1197 3686 1278 3734 credn-

774 3763 820 3803 tur.
836 3757 866 3804 Ε.
948 3794 951 3801 ,

806 3829 947 3879 Concinnius
956 3829 1035 3885 inerit,
1049 3828 1104 3893 quid
1116 3829 1209 3878 diocia?
1224 3832 1279 3894 qnid

774 3916 846 3951 consa
855 3901 968 3967 afferam?
988 3902 1018 3950 B.
1065 3919 1069 3925 ·

808 3979 842 4025 24
857 3975 997 4024 concinnius
1013 3978 1058 4031 est,
1075 3989 1120 4039 pro
1136 3983 1230 4025 auran
1241 3992 1279 4025 re·

775 4063 863 4110 periere
876 4064 980 4101 adnare.
1018 4048 1132 4097 Dicturus
1151 4049 1215 4096 enirn
1229 4057 1279 4098 erst

775 4123 849 4183 Syrus
865 4121 950 4171 June:
973 4122 1015 4170 sed
1034 4121 1112 4171 Clinia
1127 4123 1280 4171 admiratione

775 4210 901 4256 percussus
918 4187 1085 4257 interpeilssit‚
1103 4193 1203 4243 dicendo
1224 4195 1280 4260 qnid

776 4268 827 4316 ais?
848 4267 879 4314 Β.

809 4343 840 4393 25
858 4341 896 4393 Ne
912 4358 968 4391 neor
987 4342 1026 4391 hie
1042 4341 1140 4404 primaru
1159 4339 1279 4404 corripiat,
