2917 4950
517 443 580 504 DE
605 440 844 505 Tul-:nuno
1097 451 1178 510 lxxix

221 628 295 686 Ludi
312 627 473 705 gbdiotmii
492 625 663 706 plerumque
685 637 753 706 post
776 626 906 686 scenicos
918 625 1044 688 'fiebant
1094 630 1131 688 In
1143 630 1179 691 iis

185 725 376 786 decertabant
389 722 502 801 gladiis,
522 723 720 803 populumque
738 723 826 783 celeri
844 724 1002 802 agitatione
1017 725 1181 803 gladiorum

186 823 381 881 oblectabant.
402 819 609 879 Gladiatorurn
619 830 719 879 autem
734 838 852 899 genera,
868 819 1002 891 Ratiarii,
1015 821 1179 895 Secutores,

184 917 387 989 Mirmilloaes,
409 916 620 995 Hoptomaohi,
643 915 791 977 Tbraces:
813 936 938 995 quorum
951 918 1089 998 exempla
1102 919 1181 998 apud

184 1025 316 1077 auctores
330 1014 525 1081 crebrarum.
566 1013 682 1077 Horum
691 1015 868 1075 insn‘tutores
880 1035 918 1074 ac
935 1015 1067 1093 magistri
1082 1017 1182 1074 Lania-

183 1122 218 1172 toe
228 1113 418 1175 vocabantur.
460 1110 531 1169 Non
545 1110 622 1170 enim
642 1111 736 1190 igurari
749 1108 928 1190 gladiatoria
939 1111 1011 1170 artis
1024 1112 1181 1190 prodibant
1233 1099 1238 1109 ’

182 1209 211 1269 in
228 1209 378 1289 publicum
398 1207 606 1288 spectaculum,
627 1207 667 1267 ad
680 1212 801 1288 praemia
818 1209 1035 1286 consequenda.
1076 1210 1182 1290 Itaque

184 1307 262 1387 apud
274 1305 412 1367 Lausus
423 1304 502 1383 prius
515 1306 731 1364 exercebantur
743 1305 775 1363 in
788 1307 974 1364 umbratilibus
983 1308 1095 1385 pugnis,
1110 1328 1183 1387 quas

185 1403 356 1467 Semnan
372 1402 472 1463 Groeei
489 1411 650 1460 vocaruutr
672 1402 753 1480 quod
764 1401 932 1480 hujusmodi
945 1422 1051 1481 pugnas
1065 1402 1183 1463 simula·

185 1521 234 1563 cra
247 1502 302 1562 sub
316 1511 397 1560 tecto
410 1498 472 1561 fieri
486 1498 572 1557 solita
585 1509 677 1570 erant,
692 1518 753 1556 non
768 1509 803 1557 ut
819 1518 889 1557 vera
902 1519 1010 1577 pugna,
1024 1500 1056 1559 in
1075 1502 1184 1561 soleat

102 1602 105 1608 “
184 1598 313 1678 pulvere.
353 1593 530 1670 Huiusmodi
545 1593 676 1655 Lauistae
694 1604 762 1653 sunt
781 1594 858 1673 apud
877 1614 941 1672 nos,
964 1596 1013 1673 qui
1033 1597 1183 1674 gladiandi

186 1705 277 1756 artem
289 1693 425 1773 privatim
437 1691 627 1771 profitentium
644 1689 696 1770 qui
719 1690 828 1749 docent
849 1710 949 1751 ornnes
970 1712 1106 1753 numeros
1130 1694 1183 1753 im-

185 1791 314 1872 petendi,
338 1787 531 1866 cedendique,
557 1786 678 1854 vulnera
689 1786 847 1859 inferendi
866 1786 1046 1868 vitandique,
1068 1801 1119 1871 aut
1133 1791 1184 1849 ubi

185 1887 324 1969 punctim,
343 1886 478 1948 mmmm
491 1884 665 1944 feriendum.
705 1883 781 1942 Ludi
792 1903 863 1943 vero
876 1885 982 1957 scenici,
990 1886 1046 1964 'qui
1060 1897 1091 1945 et
1105 1888 1183 1964 Ago·

186 2006 231 2045 nes
244 1984 339 2045 mici
358 1995 389 2045 et
403 1983 564 2060 Dionysium
577 1982 757 2053 dicebaubrr,
778 1981 861 2060 quasi
874 1981 967 2041 libero
986 1983 1061 2061 patri
1082 1983 1182 2056 dean,

187 2082 225 2142 ad
244 2081 462 2152 comediarum,
484 2078 700 2158 tragoediarum,
725 2089 777 2138 aut
798 2090 963 2158 satyrarum
983 2081 1186 2142 recitationem

185 2180 386 2260 pertinebant:
400 2177 471 2237 item
481 2177 521 2236 ad
530 2187 633 2239 cantus
644 2187 674 2237 et
683 2186 833 2256 poemata:
844 2195 933 2236 scena
943 2178 981 2238 ob
990 2177 1021 2236 id
1030 2178 1061 2239 in
1069 2179 1185 2239 theatro

186 2276 345 2356 composita
355 2286 445 2354 atque
455 2284 605 2351 exstructa
615 2293 652 2334 ea
660 2275 783 2345 ratione,
795 2293 883 2352 quam
892 2292 964 2335 mox
977 2274 1185 2337 describemus.

187 2373 245 2440 Qui
256 2392 289 2433 se
308 2372 339 2433 iu
361 2371 407 2433 bis
429 2371 505 2435 ludis
526 2371 713 2440 exercebant,
732 2370 831 2429 scenici
849 2371 936 2429 etiam
952 2372 1136 2444 dicebantur,
1155 2385 1186 2432 et

187 2470 360 2551 Dionysiaci
376 2468 513 2536 smficea
555 2468 703 2539 Ludornn,
728 2467 990 2552 aut'certaminum
1009 2470 1061 2527 diis
1079 2461 1186 2531 ¹conse·

187 2579 341 2640 cratornm,
355 2578 481 2647 quatuor
493 2577 578 2626 erant
596 2567 675 2645 apud
689 2565 813 2626 Graecos
831 2584 951 2644 genera.
994 2566 1086 2625 Erant
1107 2568 1186 2626 enim

186 2666 310 2737 Nemea,
334 2664 464 2736 Isthmia,
489 2664 606 2745 Pythia,
632 2675 663 2724 et
681 2663 840 2743 Olympias
859 2683 925 2742 quae
950 2663 1078 2722 omnium
1101 2678 1185 2725 erant

185 2764 313 2826 maxima
327 2762 503 2842 spectacula.
544 2762 581 2820 In
603 2760 648 2821 bis
671 2761 749 2825 ludis
770 2747 1009 2839 proponebantur
1026 2762 1186 2823 victoribus

186 2879 291 2939 magna
302 2860 431 2939 praemia,
442 2879 509 2938 quaa
519 2859 570 2938 qui
580 2858 794 2928 custodiebant,
805 2859 939 2937 ludisque
949 2869 1102 2937 praerant,
1113 2859 1187 2939 βρα-

188 2956 286 3031 βευταὶ
295 2956 419 3028 Graecis,
430 2956 544 3019 Latinis
555 2958 737 3035 designatores
747 2956 981 3035 appellabantur,
993 2976 1116 3034 quorum
1125 2958 1186 3016 offi-

188 3056 263 3115 cium
276 3067 349 3128 erat,
363 3053 578 3114 multitudinem
591 3055 727 3124 retinere,
735 3054 942 3124 obambulare,
961 3063 993 3112 et
1005 3064 1186 3131 spectatores

190 3152 332 3214 moderad
345 3152 489 3230 virgarum
502 3150 651 3210 terricula.
693 3150 782 3212 Unde
793 3150 1000 3228 Martigenam,
1014 3160 1044 3210 et
1059 3151 1189 3212 Rhoode-

190 3250 329 3310 eliadam
341 3248 419 3321 dicti,
434 3247 515 3327 quod
529 3247 623 3324 virgas
634 3255 794 3323 gestarent,
808 3255 841 3303 ut
850 3243 880 3303 in
894 3245 989 3308 officio
1003 3247 1189 3310 continerent

190 3357 373 3426 spectatores.
408 3344 540 3404 ⁴Musicis
563 3362 681 3423 quoque
705 3342 847 3424 agonibus
869 3355 952 3406 eram
973 3345 1059 3415 antu,
1079 3344 1186 3417 idest,

163 3441 167 3450 '
186 3445 310 3520 judices,
321 3461 344 3504 ‘a
361 3442 464 3523 quibua
476 3442 576 3511 critici,
594 3439 694 3510 idest,
708 3449 874 3518 poematum
886 3439 1007 3523 judices
1020 3439 1092 3500 dicti
1110 3450 1187 3499 sunt

190 3542 334 3616 lumi-nr,
357 3541 408 3621 qui
428 3540 482 3620 diis
506 3538 764 3607 consecrabantur,
785 3537 864 3616 apud
886 3537 1036 3598 Romanos
1061 3548 1188 3616 quatuor

192 3649 274 3699 erant
295 3637 419 3719 speclea
468 3636 530 3697 Eos
547 3635 634 3695 ludos
653 3635 768 3694 AEdiles
792 3633 908 3696 curules
926 3652 1049 3696 munere
1067 3633 1186 3712 publico

190 3736 341 3815 quotannis
353 3736 506 3795 curabant.
547 3734 726 3812 Megalenses,
740 3731 801 3792 sive
816 3730 914 3808 magni
931 3730 993 3789 ludi
1010 3729 1093 3801 dicti,
1109 3730 1189 3810 quod

190 3835 300 3913 magnis
314 3833 369 3893 diis
379 3831 541 3893 consecrati
550 3840 664 3890 essent:
683 3828 787 3907 quibus
800 3828 875 3887 ludis
886 3838 1011 3907 quotuor
1024 3838 1100 3890 actoe
1120 3840 1200 3888 sunt.

193 3930 323 3990 Terentii
342 3928 520 3990 Gomoediae:
545 3925 670 3999 Andria,
689 3928 863 4005 Eunuchus,
878 3925 1189 4010 Heautontimorume-

191 4047 253 4100 nos,
273 4028 405 4107 Hecyra.
446 4027 589 4096 Funebres,
611 4035 662 4084 ant
680 4023 828 4084 iunernles
846 4023 919 4095 ludi,
942 4024 981 4084 ad
1001 4022 1188 4084 retinendum

191 4126 329 4205 populum
343 4124 464 4183 instituti
477 4133 554 4195 sunt,
569 4123 639 4182 dum
653 4142 761 4200 pompa
780 4121 900 4192 funeris,
920 4122 1042 4182 decreta
1054 4121 1084 4180 iu
1097 4121 1191 4181 hono.

191 4240 252 4281 rem
274 4222 387 4302 patricii
407 4221 469 4293 viri,
490 4221 578 4300 plene
598 4240 634 4280 ac
654 4219 773 4299 publice
794 4219 997 4280 imbuebatur.
1040 4218 1098 4280 His
1113 4218 1190 4278 ludis

193 4329 258 4379 acta
271 4330 317 4381 est
329 4317 481 4379 Comoedia
495 4317 625 4377 Terentii
636 4316 777 4397 adelphi.
808 4317 918 4388 Plebcii,
932 4316 993 4377 siva
1005 4316 1132 4377 Romani
1145 4316 1189 4373 lu·

192 4415 221 4475 di
230 4433 285 4496 pro
298 4417 392 4477 salute
401 4415 495 4496 plebis
507 4415 682 4477 edebantur:
705 4415 810 4495 quibus
821 4414 897 4476 ludis
907 4425 972 4477 acta
981 4425 1026 4476 est
1039 4411 1186 4498 Phormio.
